%YAML 1.1
%TAG !u! tag:unity3d.com,2011:
--- !u!29 &1
SceneSettings:
  m_ObjectHideFlags: 0
  m_PVSData: 
  m_PVSObjectsArray: []
  m_PVSPortalsArray: []
  m_OcclusionBakeSettings:
    smallestOccluder: 5
    smallestHole: .25
    backfaceThreshold: 100
--- !u!104 &2
RenderSettings:
  m_ObjectHideFlags: 0
  serializedVersion: 6
  m_Fog: 0
  m_FogColor: {r: .5, g: .5, b: .5, a: 1}
  m_FogMode: 3
  m_FogDensity: .00999999978
  m_LinearFogStart: 0
  m_LinearFogEnd: 300
  m_AmbientSkyColor: {r: .211999997, g: .226999998, b: .259000003, a: 1}
  m_AmbientEquatorColor: {r: .114, g: .125, b: .133000001, a: 1}
  m_AmbientGroundColor: {r: .0469999984, g: .0430000015, b: .0350000001, a: 1}
  m_AmbientIntensity: 1
  m_AmbientMode: 3
  m_SkyboxMaterial: {fileID: 0}
  m_HaloStrength: .5
  m_FlareStrength: 1
  m_FlareFadeSpeed: 3
  m_HaloTexture: {fileID: 0}
  m_SpotCookie: {fileID: 10001, guid: 0000000000000000e000000000000000, type: 0}
  m_DefaultReflectionMode: 0
  m_DefaultReflectionResolution: 128
  m_ReflectionBounces: 1
  m_ReflectionIntensity: 1
  m_CustomReflection: {fileID: 0}
  m_Sun: {fileID: 0}
--- !u!127 &3
LevelGameManager:
  m_ObjectHideFlags: 0
--- !u!157 &4
LightmapSettings:
  m_ObjectHideFlags: 0
  serializedVersion: 5
  m_GIWorkflowMode: 0
  m_LightmapsMode: 1
  m_GISettings:
    serializedVersion: 2
    m_BounceScale: 1
    m_IndirectOutputScale: 1
    m_AlbedoBoost: 1
    m_TemporalCoherenceThreshold: 1
    m_EnvironmentLightingMode: 0
    m_EnableBakedLightmaps: 0
    m_EnableRealtimeLightmaps: 0
  m_LightmapEditorSettings:
    serializedVersion: 3
    m_Resolution: 2
    m_BakeResolution: 40
    m_TextureWidth: 1024
    m_TextureHeight: 1024
    m_AOMaxDistance: 1
    m_Padding: 2
    m_CompAOExponent: 0
    m_LightmapParameters: {fileID: 0}
    m_TextureCompression: 1
    m_FinalGather: 0
    m_FinalGatherRayCount: 1024
  m_LightmapSnapshot: {fileID: 0}
  m_RuntimeCPUUsage: 25
--- !u!196 &5
NavMeshSettings:
  serializedVersion: 2
  m_ObjectHideFlags: 0
  m_BuildSettings:
    serializedVersion: 2
    agentRadius: .5
    agentHeight: 2
    agentSlope: 45
    agentClimb: .400000006
    ledgeDropHeight: 0
    maxJumpAcrossDistance: 0
    accuratePlacement: 0
    minRegionArea: 2
    cellSize: .166666672
    manualCellSize: 0
  m_NavMeshData: {fileID: 0}
--- !u!1001 &24579086
Prefab:
  m_ObjectHideFlags: 0
  serializedVersion: 2
  m_Modification:
    m_TransformParent: {fileID: 432821355}
    m_Modifications:
    - target: {fileID: 460474, guid: 1db9fee2b276b4445bc42f7561d808d9, type: 2}
      propertyPath: m_LocalPosition.x
      value: -.824999928
      objectReference: {fileID: 0}
    - target: {fileID: 460474, guid: 1db9fee2b276b4445bc42f7561d808d9, type: 2}
      propertyPath: m_LocalPosition.y
      value: .0749999285
      objectReference: {fileID: 0}
    - target: {fileID: 460474, guid: 1db9fee2b276b4445bc42f7561d808d9, type: 2}
      propertyPath: m_LocalPosition.z
      value: -10
      objectReference: {fileID: 0}
    - target: {fileID: 460474, guid: 1db9fee2b276b4445bc42f7561d808d9, type: 2}
      propertyPath: m_LocalRotation.x
      value: 0
      objectReference: {fileID: 0}
    - target: {fileID: 460474, guid: 1db9fee2b276b4445bc42f7561d808d9, type: 2}
      propertyPath: m_LocalRotation.y
      value: 0
      objectReference: {fileID: 0}
    - target: {fileID: 460474, guid: 1db9fee2b276b4445bc42f7561d808d9, type: 2}
      propertyPath: m_LocalRotation.z
      value: 0
      objectReference: {fileID: 0}
    - target: {fileID: 460474, guid: 1db9fee2b276b4445bc42f7561d808d9, type: 2}
      propertyPath: m_LocalRotation.w
      value: 1
      objectReference: {fileID: 0}
    - target: {fileID: 460474, guid: 1db9fee2b276b4445bc42f7561d808d9, type: 2}
      propertyPath: m_RootOrder
      value: 0
      objectReference: {fileID: 0}
    - target: {fileID: 460474, guid: 1db9fee2b276b4445bc42f7561d808d9, type: 2}
      propertyPath: m_LocalScale.x
      value: 1
      objectReference: {fileID: 0}
    - target: {fileID: 460474, guid: 1db9fee2b276b4445bc42f7561d808d9, type: 2}
      propertyPath: m_LocalScale.y
      value: 1
      objectReference: {fileID: 0}
    m_RemovedComponents: []
  m_ParentPrefab: {fileID: 100100000, guid: 1db9fee2b276b4445bc42f7561d808d9, type: 2}
  m_IsPrefabParent: 0
--- !u!1 &151460159
GameObject:
  m_ObjectHideFlags: 0
  m_PrefabParentObject: {fileID: 0}
  m_PrefabInternal: {fileID: 0}
  serializedVersion: 4
  m_Component:
  - 4: {fileID: 151460161}
  - 212: {fileID: 151460160}
  m_Layer: 0
  m_Name: Room1
  m_TagString: Untagged
  m_Icon: {fileID: 0}
  m_NavMeshLayer: 0
  m_StaticEditorFlags: 0
  m_IsActive: 1
--- !u!212 &151460160
SpriteRenderer:
  m_ObjectHideFlags: 0
  m_PrefabParentObject: {fileID: 0}
  m_PrefabInternal: {fileID: 0}
  m_GameObject: {fileID: 151460159}
  m_Enabled: 1
  m_CastShadows: 0
  m_ReceiveShadows: 0
  m_Materials:
  - {fileID: 10754, guid: 0000000000000000e000000000000000, type: 0}
  m_SubsetIndices: 
  m_StaticBatchRoot: {fileID: 0}
  m_UseLightProbes: 1
  m_ReflectionProbeUsage: 1
  m_ProbeAnchor: {fileID: 0}
  m_ScaleInLightmap: 1
  m_PreserveUVs: 0
  m_ImportantGI: 0
  m_AutoUVMaxDistance: .5
  m_AutoUVMaxAngle: 89
  m_LightmapParameters: {fileID: 0}
  m_SortingLayerID: 0
  m_SortingOrder: 0
  m_Sprite: {fileID: 21300000, guid: c8b38bcbec1639142b984c93e06798fe, type: 3}
  m_Color: {r: 1, g: 1, b: 1, a: 1}
--- !u!4 &151460161
Transform:
  m_ObjectHideFlags: 0
  m_PrefabParentObject: {fileID: 0}
  m_PrefabInternal: {fileID: 0}
  m_GameObject: {fileID: 151460159}
  m_LocalRotation: {x: 0, y: 0, z: 0, w: 1}
  m_LocalPosition: {x: -4.48000002, y: .0700000003, z: 10}
  m_LocalScale: {x: 1, y: 1, z: 1}
  m_Children:
  - {fileID: 1207993731}
  - {fileID: 2024913446}
  m_Father: {fileID: 671782801}
  m_RootOrder: 2
--- !u!1001 &368846517
Prefab:
  m_ObjectHideFlags: 0
  serializedVersion: 2
  m_Modification:
    m_TransformParent: {fileID: 432821355}
    m_Modifications:
    - target: {fileID: 465212, guid: b2bd14681d2263b4483257891db8b192, type: 2}
      propertyPath: m_LocalPosition.x
      value: .800000131
      objectReference: {fileID: 0}
    - target: {fileID: 465212, guid: b2bd14681d2263b4483257891db8b192, type: 2}
      propertyPath: m_LocalPosition.y
      value: .0624999404
      objectReference: {fileID: 0}
    - target: {fileID: 465212, guid: b2bd14681d2263b4483257891db8b192, type: 2}
      propertyPath: m_LocalPosition.z
      value: -10
      objectReference: {fileID: 0}
    - target: {fileID: 465212, guid: b2bd14681d2263b4483257891db8b192, type: 2}
      propertyPath: m_LocalRotation.x
      value: 0
      objectReference: {fileID: 0}
    - target: {fileID: 465212, guid: b2bd14681d2263b4483257891db8b192, type: 2}
      propertyPath: m_LocalRotation.y
      value: 1
      objectReference: {fileID: 0}
    - target: {fileID: 465212, guid: b2bd14681d2263b4483257891db8b192, type: 2}
      propertyPath: m_LocalRotation.z
      value: 0
      objectReference: {fileID: 0}
    - target: {fileID: 465212, guid: b2bd14681d2263b4483257891db8b192, type: 2}
      propertyPath: m_LocalRotation.w
      value: -1.62920685e-07
      objectReference: {fileID: 0}
    - target: {fileID: 465212, guid: b2bd14681d2263b4483257891db8b192, type: 2}
      propertyPath: m_RootOrder
      value: 1
      objectReference: {fileID: 0}
    - target: {fileID: 465212, guid: b2bd14681d2263b4483257891db8b192, type: 2}
      propertyPath: m_LocalScale.x
      value: 1
      objectReference: {fileID: 0}
    - target: {fileID: 465212, guid: b2bd14681d2263b4483257891db8b192, type: 2}
      propertyPath: m_LocalScale.y
      value: 1
      objectReference: {fileID: 0}
    m_RemovedComponents: []
  m_ParentPrefab: {fileID: 100100000, guid: b2bd14681d2263b4483257891db8b192, type: 2}
  m_IsPrefabParent: 0
--- !u!1001 &432821354
Prefab:
  m_ObjectHideFlags: 0
  serializedVersion: 2
  m_Modification:
    m_TransformParent: {fileID: 995703189}
    m_Modifications:
    - target: {fileID: 405944, guid: da83acc12af96fe418520e7955acb1ef, type: 2}
      propertyPath: m_LocalPosition.x
      value: .659999967
      objectReference: {fileID: 0}
    - target: {fileID: 405944, guid: da83acc12af96fe418520e7955acb1ef, type: 2}
      propertyPath: m_LocalPosition.y
      value: -.650999904
      objectReference: {fileID: 0}
    - target: {fileID: 405944, guid: da83acc12af96fe418520e7955acb1ef, type: 2}
      propertyPath: m_LocalPosition.z
      value: -10
      objectReference: {fileID: 0}
    - target: {fileID: 405944, guid: da83acc12af96fe418520e7955acb1ef, type: 2}
      propertyPath: m_LocalRotation.x
      value: 0
      objectReference: {fileID: 0}
    - target: {fileID: 405944, guid: da83acc12af96fe418520e7955acb1ef, type: 2}
      propertyPath: m_LocalRotation.y
      value: 0
      objectReference: {fileID: 0}
    - target: {fileID: 405944, guid: da83acc12af96fe418520e7955acb1ef, type: 2}
      propertyPath: m_LocalRotation.z
      value: 0
      objectReference: {fileID: 0}
    - target: {fileID: 405944, guid: da83acc12af96fe418520e7955acb1ef, type: 2}
      propertyPath: m_LocalRotation.w
      value: 1
      objectReference: {fileID: 0}
    - target: {fileID: 405944, guid: da83acc12af96fe418520e7955acb1ef, type: 2}
      propertyPath: m_RootOrder
      value: 0
      objectReference: {fileID: 0}
    m_RemovedComponents: []
  m_ParentPrefab: {fileID: 100100000, guid: da83acc12af96fe418520e7955acb1ef, type: 2}
  m_IsPrefabParent: 0
--- !u!4 &432821355 stripped
Transform:
  m_PrefabParentObject: {fileID: 405944, guid: da83acc12af96fe418520e7955acb1ef, type: 2}
  m_PrefabInternal: {fileID: 432821354}
--- !u!1 &455309188
GameObject:
  m_ObjectHideFlags: 0
  m_PrefabParentObject: {fileID: 0}
  m_PrefabInternal: {fileID: 0}
  serializedVersion: 4
  m_Component:
  - 4: {fileID: 455309193}
  - 20: {fileID: 455309192}
  - 92: {fileID: 455309191}
  - 124: {fileID: 455309190}
  - 81: {fileID: 455309189}
  m_Layer: 0
  m_Name: Main Camera
  m_TagString: MainCamera
  m_Icon: {fileID: 0}
  m_NavMeshLayer: 0
  m_StaticEditorFlags: 0
  m_IsActive: 1
--- !u!81 &455309189
AudioListener:
  m_ObjectHideFlags: 0
  m_PrefabParentObject: {fileID: 0}
  m_PrefabInternal: {fileID: 0}
  m_GameObject: {fileID: 455309188}
  m_Enabled: 1
--- !u!124 &455309190
Behaviour:
  m_ObjectHideFlags: 0
  m_PrefabParentObject: {fileID: 0}
  m_PrefabInternal: {fileID: 0}
  m_GameObject: {fileID: 455309188}
  m_Enabled: 1
--- !u!92 &455309191
Behaviour:
  m_ObjectHideFlags: 0
  m_PrefabParentObject: {fileID: 0}
  m_PrefabInternal: {fileID: 0}
  m_GameObject: {fileID: 455309188}
  m_Enabled: 1
--- !u!20 &455309192
Camera:
  m_ObjectHideFlags: 0
  m_PrefabParentObject: {fileID: 0}
  m_PrefabInternal: {fileID: 0}
  m_GameObject: {fileID: 455309188}
  m_Enabled: 1
  serializedVersion: 2
  m_ClearFlags: 1
  m_BackGroundColor: {r: .192156866, g: .301960796, b: .474509805, a: .0196078438}
  m_NormalizedViewPortRect:
    serializedVersion: 2
    x: 0
    y: 0
    width: 1
    height: 1
  near clip plane: .300000012
  far clip plane: 1000
  field of view: 60
  orthographic: 1
  orthographic size: 5
  m_Depth: -1
  m_CullingMask:
    serializedVersion: 2
    m_Bits: 4294967295
  m_RenderingPath: -1
  m_TargetTexture: {fileID: 0}
  m_TargetDisplay: 0
  m_HDR: 0
  m_OcclusionCulling: 1
  m_StereoConvergence: 10
  m_StereoSeparation: .0219999999
--- !u!4 &455309193
Transform:
  m_ObjectHideFlags: 0
  m_PrefabParentObject: {fileID: 0}
  m_PrefabInternal: {fileID: 0}
  m_GameObject: {fileID: 455309188}
  m_LocalRotation: {x: 0, y: 0, z: 0, w: 1}
  m_LocalPosition: {x: 0, y: 0, z: -10}
  m_LocalScale: {x: 1, y: 1, z: 1}
  m_Children: []
  m_Father: {fileID: 0}
  m_RootOrder: 0
--- !u!1001 &471038497
Prefab:
  m_ObjectHideFlags: 0
  serializedVersion: 2
  m_Modification:
    m_TransformParent: {fileID: 1173376388}
    m_Modifications:
    - target: {fileID: 477346, guid: 946e6143d2ff0c9478a99387e416c120, type: 2}
      propertyPath: m_LocalPosition.x
      value: -.706989527
      objectReference: {fileID: 0}
    - target: {fileID: 477346, guid: 946e6143d2ff0c9478a99387e416c120, type: 2}
      propertyPath: m_LocalPosition.y
      value: -.271497488
      objectReference: {fileID: 0}
    - target: {fileID: 477346, guid: 946e6143d2ff0c9478a99387e416c120, type: 2}
      propertyPath: m_LocalPosition.z
      value: -20
      objectReference: {fileID: 0}
    - target: {fileID: 477346, guid: 946e6143d2ff0c9478a99387e416c120, type: 2}
      propertyPath: m_LocalRotation.x
      value: 0
      objectReference: {fileID: 0}
    - target: {fileID: 477346, guid: 946e6143d2ff0c9478a99387e416c120, type: 2}
      propertyPath: m_LocalRotation.y
      value: 0
      objectReference: {fileID: 0}
    - target: {fileID: 477346, guid: 946e6143d2ff0c9478a99387e416c120, type: 2}
      propertyPath: m_LocalRotation.z
      value: 0
      objectReference: {fileID: 0}
    - target: {fileID: 477346, guid: 946e6143d2ff0c9478a99387e416c120, type: 2}
      propertyPath: m_LocalRotation.w
      value: 1
      objectReference: {fileID: 0}
    - target: {fileID: 477346, guid: 946e6143d2ff0c9478a99387e416c120, type: 2}
      propertyPath: m_RootOrder
      value: 1
      objectReference: {fileID: 0}
    m_RemovedComponents: []
  m_ParentPrefab: {fileID: 100100000, guid: 946e6143d2ff0c9478a99387e416c120, type: 2}
  m_IsPrefabParent: 0
--- !u!4 &471038498 stripped
Transform:
  m_PrefabParentObject: {fileID: 477346, guid: 946e6143d2ff0c9478a99387e416c120, type: 2}
  m_PrefabInternal: {fileID: 471038497}
--- !u!1001 &635846435
Prefab:
  m_ObjectHideFlags: 0
  serializedVersion: 2
  m_Modification:
    m_TransformParent: {fileID: 1173376388}
    m_Modifications:
    - target: {fileID: 418252, guid: 2c8d5558c26f81141a4ee12927b765a1, type: 2}
      propertyPath: m_LocalPosition.x
      value: .519999981
      objectReference: {fileID: 0}
    - target: {fileID: 418252, guid: 2c8d5558c26f81141a4ee12927b765a1, type: 2}
      propertyPath: m_LocalPosition.y
      value: .129999995
      objectReference: {fileID: 0}
    - target: {fileID: 418252, guid: 2c8d5558c26f81141a4ee12927b765a1, type: 2}
      propertyPath: m_LocalPosition.z
      value: -10
      objectReference: {fileID: 0}
    - target: {fileID: 418252, guid: 2c8d5558c26f81141a4ee12927b765a1, type: 2}
      propertyPath: m_LocalRotation.x
      value: 0
      objectReference: {fileID: 0}
    - target: {fileID: 418252, guid: 2c8d5558c26f81141a4ee12927b765a1, type: 2}
      propertyPath: m_LocalRotation.y
      value: 0
      objectReference: {fileID: 0}
    - target: {fileID: 418252, guid: 2c8d5558c26f81141a4ee12927b765a1, type: 2}
      propertyPath: m_LocalRotation.z
      value: 0
      objectReference: {fileID: 0}
    - target: {fileID: 418252, guid: 2c8d5558c26f81141a4ee12927b765a1, type: 2}
      propertyPath: m_LocalRotation.w
      value: 1
      objectReference: {fileID: 0}
    - target: {fileID: 418252, guid: 2c8d5558c26f81141a4ee12927b765a1, type: 2}
      propertyPath: m_RootOrder
      value: 0
      objectReference: {fileID: 0}
    m_RemovedComponents: []
  m_ParentPrefab: {fileID: 100100000, guid: 2c8d5558c26f81141a4ee12927b765a1, type: 2}
  m_IsPrefabParent: 0
--- !u!4 &635846436 stripped
Transform:
  m_PrefabParentObject: {fileID: 418252, guid: 2c8d5558c26f81141a4ee12927b765a1, type: 2}
  m_PrefabInternal: {fileID: 635846435}
--- !u!1 &671782800
GameObject:
  m_ObjectHideFlags: 0
  m_PrefabParentObject: {fileID: 0}
  m_PrefabInternal: {fileID: 0}
  serializedVersion: 4
  m_Component:
  - 4: {fileID: 671782801}
  - 61: {fileID: 671782803}
  - 61: {fileID: 671782802}
  m_Layer: 0
  m_Name: House
  m_TagString: Untagged
  m_Icon: {fileID: 0}
  m_NavMeshLayer: 0
  m_StaticEditorFlags: 0
  m_IsActive: 1
--- !u!4 &671782801
Transform:
  m_ObjectHideFlags: 0
  m_PrefabParentObject: {fileID: 0}
  m_PrefabInternal: {fileID: 0}
  m_GameObject: {fileID: 671782800}
  m_LocalRotation: {x: 0, y: 0, z: 0, w: 1}
  m_LocalPosition: {x: 0, y: 0, z: 0}
  m_LocalScale: {x: 1, y: 1, z: 1}
  m_Children:
  - {fileID: 995703189}
  - {fileID: 1173376388}
  - {fileID: 151460161}
  m_Father: {fileID: 0}
  m_RootOrder: 1
--- !u!61 &671782802
BoxCollider2D:
  m_ObjectHideFlags: 0
  m_PrefabParentObject: {fileID: 0}
  m_PrefabInternal: {fileID: 0}
  m_GameObject: {fileID: 671782800}
  m_Enabled: 1
  m_Material: {fileID: 0}
  m_IsTrigger: 0
  m_UsedByEffector: 0
  m_Offset: {x: -2.49000001, y: -2.91000009}
  serializedVersion: 2
  m_Size: {x: 6.01000023, y: .159999996}
--- !u!61 &671782803
BoxCollider2D:
  m_ObjectHideFlags: 0
  m_PrefabParentObject: {fileID: 0}
  m_PrefabInternal: {fileID: 0}
  m_GameObject: {fileID: 671782800}
  m_Enabled: 1
  m_Material: {fileID: 0}
  m_IsTrigger: 0
  m_UsedByEffector: 0
  m_Offset: {x: -2.47000003, y: -.949999988}
  serializedVersion: 2
  m_Size: {x: 6.01000023, y: .159999996}
--- !u!1001 &726994468
Prefab:
  m_ObjectHideFlags: 0
  serializedVersion: 2
  m_Modification:
    m_TransformParent: {fileID: 995703189}
    m_Modifications:
    - target: {fileID: 407942, guid: 55f91febd675662419fadafba37c254f, type: 2}
      propertyPath: m_LocalPosition.x
      value: -1.9000001
      objectReference: {fileID: 0}
    - target: {fileID: 407942, guid: 55f91febd675662419fadafba37c254f, type: 2}
      propertyPath: m_LocalPosition.y
      value: -.83099997
      objectReference: {fileID: 0}
    - target: {fileID: 407942, guid: 55f91febd675662419fadafba37c254f, type: 2}
      propertyPath: m_LocalPosition.z
      value: -10
      objectReference: {fileID: 0}
    - target: {fileID: 407942, guid: 55f91febd675662419fadafba37c254f, type: 2}
      propertyPath: m_LocalRotation.x
      value: 0
      objectReference: {fileID: 0}
    - target: {fileID: 407942, guid: 55f91febd675662419fadafba37c254f, type: 2}
      propertyPath: m_LocalRotation.y
      value: 0
      objectReference: {fileID: 0}
    - target: {fileID: 407942, guid: 55f91febd675662419fadafba37c254f, type: 2}
      propertyPath: m_LocalRotation.z
      value: 0
      objectReference: {fileID: 0}
    - target: {fileID: 407942, guid: 55f91febd675662419fadafba37c254f, type: 2}
      propertyPath: m_LocalRotation.w
      value: 1
      objectReference: {fileID: 0}
    - target: {fileID: 407942, guid: 55f91febd675662419fadafba37c254f, type: 2}
      propertyPath: m_RootOrder
      value: 1
      objectReference: {fileID: 0}
    m_RemovedComponents: []
  m_ParentPrefab: {fileID: 100100000, guid: 55f91febd675662419fadafba37c254f, type: 2}
  m_IsPrefabParent: 0
--- !u!4 &726994469 stripped
Transform:
  m_PrefabParentObject: {fileID: 407942, guid: 55f91febd675662419fadafba37c254f, type: 2}
  m_PrefabInternal: {fileID: 726994468}
--- !u!1 &995703187
GameObject:
  m_ObjectHideFlags: 0
  m_PrefabParentObject: {fileID: 0}
  m_PrefabInternal: {fileID: 0}
  serializedVersion: 4
  m_Component:
  - 4: {fileID: 995703189}
  - 212: {fileID: 995703188}
  m_Layer: 0
  m_Name: Room3
  m_TagString: Untagged
  m_Icon: {fileID: 0}
  m_NavMeshLayer: 0
  m_StaticEditorFlags: 0
  m_IsActive: 1
--- !u!212 &995703188
SpriteRenderer:
  m_ObjectHideFlags: 0
  m_PrefabParentObject: {fileID: 0}
  m_PrefabInternal: {fileID: 0}
  m_GameObject: {fileID: 995703187}
  m_Enabled: 1
  m_CastShadows: 0
  m_ReceiveShadows: 0
  m_Materials:
  - {fileID: 10754, guid: 0000000000000000e000000000000000, type: 0}
  m_SubsetIndices: 
  m_StaticBatchRoot: {fileID: 0}
  m_UseLightProbes: 1
  m_ReflectionProbeUsage: 1
  m_ProbeAnchor: {fileID: 0}
  m_ScaleInLightmap: 1
  m_PreserveUVs: 0
  m_ImportantGI: 0
  m_AutoUVMaxDistance: .5
  m_AutoUVMaxAngle: 89
  m_LightmapParameters: {fileID: 0}
  m_SortingLayerID: 0
  m_SortingOrder: 0
  m_Sprite: {fileID: 21300000, guid: 0d6880d5c6eb12e478aa2d4bb1f2b89a, type: 3}
  m_Color: {r: 1, g: 1, b: 1, a: 1}
--- !u!4 &995703189
Transform:
  m_ObjectHideFlags: 0
  m_PrefabParentObject: {fileID: 0}
  m_PrefabInternal: {fileID: 0}
  m_GameObject: {fileID: 995703187}
  m_LocalRotation: {x: 0, y: 0, z: 0, w: 1}
  m_LocalPosition: {x: -2.48000002, y: -1.92900002, z: 10}
  m_LocalScale: {x: 1, y: 1, z: 1}
  m_Children:
  - {fileID: 432821355}
  - {fileID: 726994469}
  - {fileID: 1224690326}
  - {fileID: 1337652018}
  m_Father: {fileID: 671782801}
  m_RootOrder: 0
--- !u!1 &1173376386
GameObject:
  m_ObjectHideFlags: 0
  m_PrefabParentObject: {fileID: 0}
  m_PrefabInternal: {fileID: 0}
  serializedVersion: 4
  m_Component:
  - 4: {fileID: 1173376388}
  - 212: {fileID: 1173376387}
  m_Layer: 0
  m_Name: Room2
  m_TagString: Untagged
  m_Icon: {fileID: 0}
  m_NavMeshLayer: 0
  m_StaticEditorFlags: 0
  m_IsActive: 1
--- !u!212 &1173376387
SpriteRenderer:
  m_ObjectHideFlags: 0
  m_PrefabParentObject: {fileID: 0}
  m_PrefabInternal: {fileID: 0}
  m_GameObject: {fileID: 1173376386}
  m_Enabled: 1
  m_CastShadows: 0
  m_ReceiveShadows: 0
  m_Materials:
  - {fileID: 10754, guid: 0000000000000000e000000000000000, type: 0}
  m_SubsetIndices: 
  m_StaticBatchRoot: {fileID: 0}
  m_UseLightProbes: 1
  m_ReflectionProbeUsage: 1
  m_ProbeAnchor: {fileID: 0}
  m_ScaleInLightmap: 1
  m_PreserveUVs: 0
  m_ImportantGI: 0
  m_AutoUVMaxDistance: .5
  m_AutoUVMaxAngle: 89
  m_LightmapParameters: {fileID: 0}
  m_SortingLayerID: 0
  m_SortingOrder: 0
  m_Sprite: {fileID: 21300000, guid: 859e336ed1929fd479ac02fb50d62f52, type: 3}
  m_Color: {r: 1, g: 1, b: 1, a: 1}
--- !u!4 &1173376388
Transform:
  m_ObjectHideFlags: 0
  m_PrefabParentObject: {fileID: 0}
  m_PrefabInternal: {fileID: 0}
  m_GameObject: {fileID: 1173376386}
  m_LocalRotation: {x: 0, y: 0, z: 0, w: 1}
  m_LocalPosition: {x: -1.48000002, y: .0700000003, z: 10}
  m_LocalScale: {x: 1, y: 1, z: 1}
  m_Children:
  - {fileID: 635846436}
  - {fileID: 471038498}
  - {fileID: 1774218945}
  m_Father: {fileID: 671782801}
  m_RootOrder: 1
--- !u!1001 &1207993730
Prefab:
  m_ObjectHideFlags: 0
  serializedVersion: 2
  m_Modification:
    m_TransformParent: {fileID: 151460161}
    m_Modifications:
    - target: {fileID: 442096, guid: 791e1b9a2c6b35e4194906771ef15850, type: 2}
      propertyPath: m_LocalPosition.x
      value: -.349999994
      objectReference: {fileID: 0}
    - target: {fileID: 442096, guid: 791e1b9a2c6b35e4194906771ef15850, type: 2}
      propertyPath: m_LocalPosition.y
      value: .140000001
      objectReference: {fileID: 0}
    - target: {fileID: 442096, guid: 791e1b9a2c6b35e4194906771ef15850, type: 2}
      propertyPath: m_LocalPosition.z
      value: -10
      objectReference: {fileID: 0}
    - target: {fileID: 442096, guid: 791e1b9a2c6b35e4194906771ef15850, type: 2}
      propertyPath: m_LocalRotation.x
      value: 0
      objectReference: {fileID: 0}
    - target: {fileID: 442096, guid: 791e1b9a2c6b35e4194906771ef15850, type: 2}
      propertyPath: m_LocalRotation.y
      value: 0
      objectReference: {fileID: 0}
    - target: {fileID: 442096, guid: 791e1b9a2c6b35e4194906771ef15850, type: 2}
      propertyPath: m_LocalRotation.z
      value: 0
      objectReference: {fileID: 0}
    - target: {fileID: 442096, guid: 791e1b9a2c6b35e4194906771ef15850, type: 2}
      propertyPath: m_LocalRotation.w
      value: 1
      objectReference: {fileID: 0}
    - target: {fileID: 442096, guid: 791e1b9a2c6b35e4194906771ef15850, type: 2}
      propertyPath: m_RootOrder
      value: 0
      objectReference: {fileID: 0}
    m_RemovedComponents: []
  m_ParentPrefab: {fileID: 100100000, guid: 791e1b9a2c6b35e4194906771ef15850, type: 2}
  m_IsPrefabParent: 0
--- !u!4 &1207993731 stripped
Transform:
  m_PrefabParentObject: {fileID: 442096, guid: 791e1b9a2c6b35e4194906771ef15850, type: 2}
  m_PrefabInternal: {fileID: 1207993730}
--- !u!1001 &1224690325
Prefab:
  m_ObjectHideFlags: 0
  serializedVersion: 2
  m_Modification:
    m_TransformParent: {fileID: 995703189}
    m_Modifications:
    - target: {fileID: 421038, guid: e535d6bcd6c5eeb489963cebd36b0627, type: 2}
      propertyPath: m_LocalPosition.x
      value: -2.95000005
      objectReference: {fileID: 0}
    - target: {fileID: 421038, guid: e535d6bcd6c5eeb489963cebd36b0627, type: 2}
      propertyPath: m_LocalPosition.y
      value: -.360000014
      objectReference: {fileID: 0}
    - target: {fileID: 421038, guid: e535d6bcd6c5eeb489963cebd36b0627, type: 2}
      propertyPath: m_LocalPosition.z
      value: -10
      objectReference: {fileID: 0}
    - target: {fileID: 421038, guid: e535d6bcd6c5eeb489963cebd36b0627, type: 2}
      propertyPath: m_LocalRotation.x
      value: 0
      objectReference: {fileID: 0}
    - target: {fileID: 421038, guid: e535d6bcd6c5eeb489963cebd36b0627, type: 2}
      propertyPath: m_LocalRotation.y
      value: 0
      objectReference: {fileID: 0}
    - target: {fileID: 421038, guid: e535d6bcd6c5eeb489963cebd36b0627, type: 2}
      propertyPath: m_LocalRotation.z
      value: 0
      objectReference: {fileID: 0}
    - target: {fileID: 421038, guid: e535d6bcd6c5eeb489963cebd36b0627, type: 2}
      propertyPath: m_LocalRotation.w
      value: 1
      objectReference: {fileID: 0}
    - target: {fileID: 421038, guid: e535d6bcd6c5eeb489963cebd36b0627, type: 2}
      propertyPath: m_RootOrder
      value: 2
      objectReference: {fileID: 0}
    m_RemovedComponents: []
  m_ParentPrefab: {fileID: 100100000, guid: e535d6bcd6c5eeb489963cebd36b0627, type: 2}
  m_IsPrefabParent: 0
--- !u!4 &1224690326 stripped
Transform:
  m_PrefabParentObject: {fileID: 421038, guid: e535d6bcd6c5eeb489963cebd36b0627, type: 2}
  m_PrefabInternal: {fileID: 1224690325}
--- !u!1001 &1337652017
Prefab:
  m_ObjectHideFlags: 0
  serializedVersion: 2
  m_Modification:
    m_TransformParent: {fileID: 995703189}
    m_Modifications:
    - target: {fileID: 426050, guid: 2cf3f75a69913f143aa861b0fa550c1e, type: 2}
      propertyPath: m_LocalPosition.x
      value: 2.25999999
      objectReference: {fileID: 0}
    - target: {fileID: 426050, guid: 2cf3f75a69913f143aa861b0fa550c1e, type: 2}
      propertyPath: m_LocalPosition.y
      value: -.340000004
      objectReference: {fileID: 0}
    - target: {fileID: 426050, guid: 2cf3f75a69913f143aa861b0fa550c1e, type: 2}
      propertyPath: m_LocalPosition.z
      value: -10
      objectReference: {fileID: 0}
    - target: {fileID: 426050, guid: 2cf3f75a69913f143aa861b0fa550c1e, type: 2}
      propertyPath: m_LocalRotation.x
      value: 0
      objectReference: {fileID: 0}
    - target: {fileID: 426050, guid: 2cf3f75a69913f143aa861b0fa550c1e, type: 2}
      propertyPath: m_LocalRotation.y
      value: 0
      objectReference: {fileID: 0}
    - target: {fileID: 426050, guid: 2cf3f75a69913f143aa861b0fa550c1e, type: 2}
      propertyPath: m_LocalRotation.z
      value: 0
      objectReference: {fileID: 0}
    - target: {fileID: 426050, guid: 2cf3f75a69913f143aa861b0fa550c1e, type: 2}
      propertyPath: m_LocalRotation.w
      value: 1
      objectReference: {fileID: 0}
    - target: {fileID: 426050, guid: 2cf3f75a69913f143aa861b0fa550c1e, type: 2}
      propertyPath: m_RootOrder
      value: 3
      objectReference: {fileID: 0}
    m_RemovedComponents: []
  m_ParentPrefab: {fileID: 100100000, guid: 2cf3f75a69913f143aa861b0fa550c1e, type: 2}
  m_IsPrefabParent: 0
--- !u!4 &1337652018 stripped
Transform:
  m_PrefabParentObject: {fileID: 426050, guid: 2cf3f75a69913f143aa861b0fa550c1e, type: 2}
  m_PrefabInternal: {fileID: 1337652017}
--- !u!1001 &1762036500
Prefab:
  m_ObjectHideFlags: 0
  serializedVersion: 2
  m_Modification:
    m_TransformParent: {fileID: 635846436}
    m_Modifications:
    - target: {fileID: 443964, guid: 3248c2443231fcf41a80f7bbe1219a95, type: 2}
      propertyPath: m_LocalPosition.x
      value: .0142857861
      objectReference: {fileID: 0}
    - target: {fileID: 443964, guid: 3248c2443231fcf41a80f7bbe1219a95, type: 2}
      propertyPath: m_LocalPosition.y
      value: -.200000033
      objectReference: {fileID: 0}
    - target: {fileID: 443964, guid: 3248c2443231fcf41a80f7bbe1219a95, type: 2}
      propertyPath: m_LocalPosition.z
      value: 0
      objectReference: {fileID: 0}
    - target: {fileID: 443964, guid: 3248c2443231fcf41a80f7bbe1219a95, type: 2}
      propertyPath: m_LocalRotation.x
      value: 0
      objectReference: {fileID: 0}
    - target: {fileID: 443964, guid: 3248c2443231fcf41a80f7bbe1219a95, type: 2}
      propertyPath: m_LocalRotation.y
      value: 0
      objectReference: {fileID: 0}
    - target: {fileID: 443964, guid: 3248c2443231fcf41a80f7bbe1219a95, type: 2}
      propertyPath: m_LocalRotation.z
      value: 0
      objectReference: {fileID: 0}
    - target: {fileID: 443964, guid: 3248c2443231fcf41a80f7bbe1219a95, type: 2}
      propertyPath: m_LocalRotation.w
      value: 1
      objectReference: {fileID: 0}
    - target: {fileID: 443964, guid: 3248c2443231fcf41a80f7bbe1219a95, type: 2}
      propertyPath: m_RootOrder
      value: 0
      objectReference: {fileID: 0}
    - target: {fileID: 443964, guid: 3248c2443231fcf41a80f7bbe1219a95, type: 2}
      propertyPath: m_LocalScale.x
      value: 1
      objectReference: {fileID: 0}
    - target: {fileID: 443964, guid: 3248c2443231fcf41a80f7bbe1219a95, type: 2}
      propertyPath: m_LocalScale.y
      value: 1
      objectReference: {fileID: 0}
    m_RemovedComponents: []
  m_ParentPrefab: {fileID: 100100000, guid: 3248c2443231fcf41a80f7bbe1219a95, type: 2}
  m_IsPrefabParent: 0
--- !u!1001 &1774218944
Prefab:
  m_ObjectHideFlags: 0
  serializedVersion: 2
  m_Modification:
    m_TransformParent: {fileID: 1173376388}
    m_Modifications:
    - target: {fileID: 475642, guid: 2424ad581ba5f81449951ce381258d8f, type: 2}
      propertyPath: m_LocalPosition.x
      value: 1.26999998
      objectReference: {fileID: 0}
    - target: {fileID: 475642, guid: 2424ad581ba5f81449951ce381258d8f, type: 2}
      propertyPath: m_LocalPosition.y
      value: -.330000013
      objectReference: {fileID: 0}
    - target: {fileID: 475642, guid: 2424ad581ba5f81449951ce381258d8f, type: 2}
      propertyPath: m_LocalPosition.z
      value: -10
      objectReference: {fileID: 0}
    - target: {fileID: 475642, guid: 2424ad581ba5f81449951ce381258d8f, type: 2}
      propertyPath: m_LocalRotation.x
      value: 0
      objectReference: {fileID: 0}
    - target: {fileID: 475642, guid: 2424ad581ba5f81449951ce381258d8f, type: 2}
      propertyPath: m_LocalRotation.y
      value: 0
      objectReference: {fileID: 0}
    - target: {fileID: 475642, guid: 2424ad581ba5f81449951ce381258d8f, type: 2}
      propertyPath: m_LocalRotation.z
      value: 0
      objectReference: {fileID: 0}
    - target: {fileID: 475642, guid: 2424ad581ba5f81449951ce381258d8f, type: 2}
      propertyPath: m_LocalRotation.w
      value: 1
      objectReference: {fileID: 0}
    - target: {fileID: 475642, guid: 2424ad581ba5f81449951ce381258d8f, type: 2}
      propertyPath: m_RootOrder
      value: 2
      objectReference: {fileID: 0}
    m_RemovedComponents: []
  m_ParentPrefab: {fileID: 100100000, guid: 2424ad581ba5f81449951ce381258d8f, type: 2}
  m_IsPrefabParent: 0
--- !u!4 &1774218945 stripped
Transform:
  m_PrefabParentObject: {fileID: 475642, guid: 2424ad581ba5f81449951ce381258d8f, type: 2}
  m_PrefabInternal: {fileID: 1774218944}
--- !u!1001 &2024913445
Prefab:
  m_ObjectHideFlags: 0
  serializedVersion: 2
  m_Modification:
    m_TransformParent: {fileID: 151460161}
    m_Modifications:
    - target: {fileID: 421038, guid: e535d6bcd6c5eeb489963cebd36b0627, type: 2}
      propertyPath: m_LocalPosition.x
      value: .939999998
      objectReference: {fileID: 0}
    - target: {fileID: 421038, guid: e535d6bcd6c5eeb489963cebd36b0627, type: 2}
      propertyPath: m_LocalPosition.y
      value: -.340000004
      objectReference: {fileID: 0}
    - target: {fileID: 421038, guid: e535d6bcd6c5eeb489963cebd36b0627, type: 2}
      propertyPath: m_LocalPosition.z
      value: -20
      objectReference: {fileID: 0}
    - target: {fileID: 421038, guid: e535d6bcd6c5eeb489963cebd36b0627, type: 2}
      propertyPath: m_LocalRotation.x
      value: 0
      objectReference: {fileID: 0}
    - target: {fileID: 421038, guid: e535d6bcd6c5eeb489963cebd36b0627, type: 2}
      propertyPath: m_LocalRotation.y
      value: 0
      objectReference: {fileID: 0}
    - target: {fileID: 421038, guid: e535d6bcd6c5eeb489963cebd36b0627, type: 2}
      propertyPath: m_LocalRotation.z
      value: 0
      objectReference: {fileID: 0}
    - target: {fileID: 421038, guid: e535d6bcd6c5eeb489963cebd36b0627, type: 2}
      propertyPath: m_LocalRotation.w
      value: 1
      objectReference: {fileID: 0}
    - target: {fileID: 421038, guid: e535d6bcd6c5eeb489963cebd36b0627, type: 2}
      propertyPath: m_RootOrder
      value: 1
      objectReference: {fileID: 0}
    - target: {fileID: 421038, guid: e535d6bcd6c5eeb489963cebd36b0627, type: 2}
      propertyPath: m_LocalScale.x
      value: .5
      objectReference: {fileID: 0}
    m_RemovedComponents: []
  m_ParentPrefab: {fileID: 100100000, guid: e535d6bcd6c5eeb489963cebd36b0627, type: 2}
  m_IsPrefabParent: 0
--- !u!4 &2024913446 stripped
Transform:
  m_PrefabParentObject: {fileID: 421038, guid: e535d6bcd6c5eeb489963cebd36b0627, type: 2}
  m_PrefabInternal: {fileID: 2024913445}
