%YAML 1.1
%TAG !u! tag:unity3d.com,2011:
--- !u!1 &111844
GameObject:
  m_ObjectHideFlags: 0
  m_PrefabParentObject: {fileID: 0}
  m_PrefabInternal: {fileID: 100100000}
  serializedVersion: 4
  m_Component:
  - 4: {fileID: 421808}
  - 212: {fileID: 21209432}
  - 61: {fileID: 6117036}
  - 50: {fileID: 5091468}
  - 114: {fileID: 11404668}
  - 95: {fileID: 9500964}
  m_Layer: 9
  m_Name: Vase
  m_TagString: Throwable
  m_Icon: {fileID: 0}
  m_NavMeshLayer: 0
  m_StaticEditorFlags: 0
  m_IsActive: 1
--- !u!4 &421808
Transform:
  m_ObjectHideFlags: 1
  m_PrefabParentObject: {fileID: 0}
  m_PrefabInternal: {fileID: 100100000}
  m_GameObject: {fileID: 111844}
  m_LocalRotation: {x: 0, y: 0, z: 0, w: 1}
  m_LocalPosition: {x: -1.92999995, y: -2.80999994, z: 0}
  m_LocalScale: {x: .699999988, y: .699999988, z: 1}
  m_Children: []
  m_Father: {fileID: 0}
  m_RootOrder: 0
--- !u!50 &5091468
Rigidbody2D:
  m_ObjectHideFlags: 1
  m_PrefabParentObject: {fileID: 0}
  m_PrefabInternal: {fileID: 100100000}
  m_GameObject: {fileID: 111844}
  m_Mass: .300000012
  m_LinearDrag: 0
  m_AngularDrag: .0500000007
  m_GravityScale: 1
  m_FixedAngle: 0
  m_IsKinematic: 0
  m_Interpolate: 0
  m_SleepingMode: 1
  m_CollisionDetection: 0
--- !u!61 &6117036
BoxCollider2D:
  m_ObjectHideFlags: 1
  m_PrefabParentObject: {fileID: 0}
  m_PrefabInternal: {fileID: 100100000}
  m_GameObject: {fileID: 111844}
  m_Enabled: 1
  m_Material: {fileID: 6200000, guid: 732286a5539a4f746ab116881be7fe98, type: 2}
  m_IsTrigger: 0
  m_UsedByEffector: 0
  m_Offset: {x: 0, y: .379999995}
  serializedVersion: 2
  m_Size: {x: .360000014, y: .680000007}
--- !u!95 &9500964
Animator:
  serializedVersion: 3
  m_ObjectHideFlags: 1
  m_PrefabParentObject: {fileID: 0}
  m_PrefabInternal: {fileID: 100100000}
  m_GameObject: {fileID: 111844}
  m_Enabled: 1
  m_Avatar: {fileID: 0}
  m_Controller: {fileID: 9100000, guid: 46afec7cf26be6f428610152d86814b9, type: 2}
  m_CullingMode: 0
  m_UpdateMode: 0
  m_ApplyRootMotion: 0
  m_LinearVelocityBlending: 0
  m_WarningMessage: 
  m_HasTransformHierarchy: 1
  m_AllowConstantClipSamplingOptimization: 1
--- !u!114 &11404668
MonoBehaviour:
  m_ObjectHideFlags: 1
  m_PrefabParentObject: {fileID: 0}
  m_PrefabInternal: {fileID: 100100000}
  m_GameObject: {fileID: 111844}
  m_Enabled: 1
  m_EditorHideFlags: 0
  m_Script: {fileID: 11500000, guid: 4030974b850ec80409cb7f125bde43c2, type: 3}
  m_Name: 
  m_EditorClassIdentifier: 
  damage: 15
  hp: 1
  recoveryTime: 0
  minimumChaosTime: 0
--- !u!212 &21209432
SpriteRenderer:
  m_ObjectHideFlags: 1
  m_PrefabParentObject: {fileID: 0}
  m_PrefabInternal: {fileID: 100100000}
  m_GameObject: {fileID: 111844}
  m_Enabled: 1
  m_CastShadows: 0
  m_ReceiveShadows: 0
  m_Materials:
  - {fileID: 10754, guid: 0000000000000000e000000000000000, type: 0}
  m_SubsetIndices: 
  m_StaticBatchRoot: {fileID: 0}
  m_UseLightProbes: 1
  m_ReflectionProbeUsage: 1
  m_ProbeAnchor: {fileID: 0}
  m_ScaleInLightmap: 1
  m_PreserveUVs: 0
  m_ImportantGI: 0
  m_AutoUVMaxDistance: .5
  m_AutoUVMaxAngle: 89
  m_LightmapParameters: {fileID: 0}
  m_SortingLayerID: 0
  m_SortingOrder: 0
  m_Sprite: {fileID: 21300000, guid: 62e322eb19dd6e045b85d432127857f5, type: 3}
  m_Color: {r: 1, g: 1, b: 1, a: 1}
--- !u!1001 &100100000
Prefab:
  m_ObjectHideFlags: 1
  serializedVersion: 2
  m_Modification:
    m_TransformParent: {fileID: 0}
    m_Modifications: []
    m_RemovedComponents: []
  m_ParentPrefab: {fileID: 0}
  m_RootGameObject: {fileID: 111844}
  m_IsPrefabParent: 1
