%YAML 1.1
%TAG !u! tag:unity3d.com,2011:
--- !u!29 &1
SceneSettings:
  m_ObjectHideFlags: 0
  m_PVSData: 
  m_PVSObjectsArray: []
  m_PVSPortalsArray: []
  m_OcclusionBakeSettings:
    smallestOccluder: 5
    smallestHole: .25
    backfaceThreshold: 100
--- !u!104 &2
RenderSettings:
  m_ObjectHideFlags: 0
  serializedVersion: 6
  m_Fog: 0
  m_FogColor: {r: .5, g: .5, b: .5, a: 1}
  m_FogMode: 3
  m_FogDensity: .00999999978
  m_LinearFogStart: 0
  m_LinearFogEnd: 300
  m_AmbientSkyColor: {r: .200000003, g: .200000003, b: .200000003, a: 1}
  m_AmbientEquatorColor: {r: .200000003, g: .200000003, b: .200000003, a: 1}
  m_AmbientGroundColor: {r: .200000003, g: .200000003, b: .200000003, a: 1}
  m_AmbientIntensity: 1
  m_AmbientMode: 3
  m_SkyboxMaterial: {fileID: 0}
  m_HaloStrength: .5
  m_FlareStrength: 1
  m_FlareFadeSpeed: 3
  m_HaloTexture: {fileID: 0}
  m_SpotCookie: {fileID: 10001, guid: 0000000000000000e000000000000000, type: 0}
  m_DefaultReflectionMode: 0
  m_DefaultReflectionResolution: 128
  m_ReflectionBounces: 1
  m_ReflectionIntensity: 1
  m_CustomReflection: {fileID: 0}
  m_Sun: {fileID: 0}
--- !u!127 &3
LevelGameManager:
  m_ObjectHideFlags: 0
--- !u!157 &4
LightmapSettings:
  m_ObjectHideFlags: 0
  serializedVersion: 5
  m_GIWorkflowMode: 1
  m_LightmapsMode: 1
  m_GISettings:
    serializedVersion: 2
    m_BounceScale: 1
    m_IndirectOutputScale: 1
    m_AlbedoBoost: 1
    m_TemporalCoherenceThreshold: 1
    m_EnvironmentLightingMode: 0
    m_EnableBakedLightmaps: 1
    m_EnableRealtimeLightmaps: 0
  m_LightmapEditorSettings:
    serializedVersion: 3
    m_Resolution: 1
    m_BakeResolution: 2
    m_TextureWidth: 1024
    m_TextureHeight: 1024
    m_AOMaxDistance: 1
    m_Padding: 2
    m_CompAOExponent: 0
    m_LightmapParameters: {fileID: 0}
    m_TextureCompression: 1
    m_FinalGather: 0
    m_FinalGatherRayCount: 1024
  m_LightmapSnapshot: {fileID: 0}
  m_RuntimeCPUUsage: 25
--- !u!196 &5
NavMeshSettings:
  serializedVersion: 2
  m_ObjectHideFlags: 0
  m_BuildSettings:
    serializedVersion: 2
    agentRadius: .5
    agentHeight: 2
    agentSlope: 45
    agentClimb: .400000006
    ledgeDropHeight: 0
    maxJumpAcrossDistance: 0
    accuratePlacement: 0
    minRegionArea: 2
    cellSize: .166666657
    manualCellSize: 0
  m_NavMeshData: {fileID: 0}
--- !u!1 &57706874
GameObject:
  m_ObjectHideFlags: 0
  m_PrefabParentObject: {fileID: 0}
  m_PrefabInternal: {fileID: 0}
  serializedVersion: 4
  m_Component:
  - 4: {fileID: 57706875}
  - 23: {fileID: 57706877}
  - 102: {fileID: 57706876}
  m_Layer: 0
  m_Name: Results title
  m_TagString: Untagged
  m_Icon: {fileID: 0}
  m_NavMeshLayer: 0
  m_StaticEditorFlags: 0
  m_IsActive: 1
--- !u!4 &57706875
Transform:
  m_ObjectHideFlags: 0
  m_PrefabParentObject: {fileID: 0}
  m_PrefabInternal: {fileID: 0}
  m_GameObject: {fileID: 57706874}
  m_LocalRotation: {x: 0, y: 0, z: 0, w: 1}
  m_LocalPosition: {x: -.129999995, y: 4, z: 0}
  m_LocalScale: {x: 1, y: 1, z: 1}
  m_Children: []
  m_Father: {fileID: 741073643}
  m_RootOrder: 5
--- !u!102 &57706876
TextMesh:
  serializedVersion: 3
  m_ObjectHideFlags: 0
  m_PrefabParentObject: {fileID: 0}
  m_PrefabInternal: {fileID: 0}
  m_GameObject: {fileID: 57706874}
  m_Text: Results
  m_OffsetZ: 0
  m_CharacterSize: .150000006
  m_LineSpacing: 1
  m_Anchor: 4
  m_Alignment: 0
  m_TabSize: 4
  m_FontSize: 100
  m_FontStyle: 0
  m_RichText: 1
  m_Font: {fileID: 12800000, guid: bfdb1cf0ab86a4c4ba6f34553e199541, type: 3}
  m_Color:
    serializedVersion: 2
    rgba: 4294967295
--- !u!23 &57706877
MeshRenderer:
  m_ObjectHideFlags: 0
  m_PrefabParentObject: {fileID: 0}
  m_PrefabInternal: {fileID: 0}
  m_GameObject: {fileID: 57706874}
  m_Enabled: 1
  m_CastShadows: 1
  m_ReceiveShadows: 1
  m_Materials:
  - {fileID: 2100000, guid: bfdb1cf0ab86a4c4ba6f34553e199541, type: 3}
  m_SubsetIndices: 
  m_StaticBatchRoot: {fileID: 0}
  m_UseLightProbes: 1
  m_ReflectionProbeUsage: 1
  m_ProbeAnchor: {fileID: 0}
  m_ScaleInLightmap: 1
  m_PreserveUVs: 0
  m_ImportantGI: 0
  m_AutoUVMaxDistance: .5
  m_AutoUVMaxAngle: 89
  m_LightmapParameters: {fileID: 0}
  m_SortingLayerID: 0
  m_SortingOrder: 0
--- !u!1001 &106990372
Prefab:
  m_ObjectHideFlags: 0
  serializedVersion: 2
  m_Modification:
    m_TransformParent: {fileID: 966674917}
    m_Modifications:
    - target: {fileID: 454238, guid: 90e6a03fd4fc6a342822f40be2e7ff5a, type: 2}
      propertyPath: m_LocalPosition.x
      value: -.0188903175
      objectReference: {fileID: 0}
    - target: {fileID: 454238, guid: 90e6a03fd4fc6a342822f40be2e7ff5a, type: 2}
      propertyPath: m_LocalPosition.y
      value: -5.38886023
      objectReference: {fileID: 0}
    - target: {fileID: 454238, guid: 90e6a03fd4fc6a342822f40be2e7ff5a, type: 2}
      propertyPath: m_LocalPosition.z
      value: 0
      objectReference: {fileID: 0}
    - target: {fileID: 454238, guid: 90e6a03fd4fc6a342822f40be2e7ff5a, type: 2}
      propertyPath: m_LocalRotation.x
      value: -.675206363
      objectReference: {fileID: 0}
    - target: {fileID: 454238, guid: 90e6a03fd4fc6a342822f40be2e7ff5a, type: 2}
      propertyPath: m_LocalRotation.y
      value: -.209991425
      objectReference: {fileID: 0}
    - target: {fileID: 454238, guid: 90e6a03fd4fc6a342822f40be2e7ff5a, type: 2}
      propertyPath: m_LocalRotation.z
      value: .209991395
      objectReference: {fileID: 0}
    - target: {fileID: 454238, guid: 90e6a03fd4fc6a342822f40be2e7ff5a, type: 2}
      propertyPath: m_LocalRotation.w
      value: .675206363
      objectReference: {fileID: 0}
    - target: {fileID: 454238, guid: 90e6a03fd4fc6a342822f40be2e7ff5a, type: 2}
      propertyPath: m_RootOrder
      value: 5
      objectReference: {fileID: 0}
    m_RemovedComponents: []
  m_ParentPrefab: {fileID: 100100000, guid: 90e6a03fd4fc6a342822f40be2e7ff5a, type: 2}
  m_IsPrefabParent: 0
--- !u!4 &236062284
Transform:
  m_PrefabParentObject: {fileID: 498760, guid: f4c801044d4057b4182f225008c4ee9e, type: 2}
  m_PrefabInternal: {fileID: 445051926}
--- !u!1001 &362766370
Prefab:
  m_ObjectHideFlags: 0
  serializedVersion: 2
  m_Modification:
    m_TransformParent: {fileID: 1806714198}
    m_Modifications:
    - target: {fileID: 402248, guid: f1e050d610d48214792dc6fabb4815b5, type: 2}
      propertyPath: m_LocalPosition.x
      value: 2.54999995
      objectReference: {fileID: 0}
    - target: {fileID: 402248, guid: f1e050d610d48214792dc6fabb4815b5, type: 2}
      propertyPath: m_LocalPosition.y
      value: -3.20000005
      objectReference: {fileID: 0}
    - target: {fileID: 402248, guid: f1e050d610d48214792dc6fabb4815b5, type: 2}
      propertyPath: m_LocalPosition.z
      value: 1
      objectReference: {fileID: 0}
    - target: {fileID: 402248, guid: f1e050d610d48214792dc6fabb4815b5, type: 2}
      propertyPath: m_LocalRotation.x
      value: 0
      objectReference: {fileID: 0}
    - target: {fileID: 402248, guid: f1e050d610d48214792dc6fabb4815b5, type: 2}
      propertyPath: m_LocalRotation.y
      value: 0
      objectReference: {fileID: 0}
    - target: {fileID: 402248, guid: f1e050d610d48214792dc6fabb4815b5, type: 2}
      propertyPath: m_LocalRotation.z
      value: 0
      objectReference: {fileID: 0}
    - target: {fileID: 402248, guid: f1e050d610d48214792dc6fabb4815b5, type: 2}
      propertyPath: m_LocalRotation.w
      value: 1
      objectReference: {fileID: 0}
    - target: {fileID: 402248, guid: f1e050d610d48214792dc6fabb4815b5, type: 2}
      propertyPath: m_RootOrder
      value: 2
      objectReference: {fileID: 0}
    - target: {fileID: 10245166, guid: f1e050d610d48214792dc6fabb4815b5, type: 2}
      propertyPath: m_Text
      value: Retry
      objectReference: {fileID: 0}
    - target: {fileID: 189932, guid: f1e050d610d48214792dc6fabb4815b5, type: 2}
      propertyPath: m_Name
      value: RetryButton
      objectReference: {fileID: 0}
    - target: {fileID: 11427146, guid: f1e050d610d48214792dc6fabb4815b5, type: 2}
      propertyPath: Argument
      value: 
      objectReference: {fileID: 0}
    - target: {fileID: 11427146, guid: f1e050d610d48214792dc6fabb4815b5, type: 2}
      propertyPath: onClickAction
      value: 5
      objectReference: {fileID: 0}
    - target: {fileID: 21251014, guid: f1e050d610d48214792dc6fabb4815b5, type: 2}
      propertyPath: m_Sprite
      value: 
      objectReference: {fileID: 21300000, guid: b8a093d91945d884aa234ce79f361548,
        type: 3}
    - target: {fileID: 402248, guid: f1e050d610d48214792dc6fabb4815b5, type: 2}
      propertyPath: m_LocalScale.x
      value: .699999988
      objectReference: {fileID: 0}
    - target: {fileID: 402248, guid: f1e050d610d48214792dc6fabb4815b5, type: 2}
      propertyPath: m_LocalScale.y
      value: .699999988
      objectReference: {fileID: 0}
    - target: {fileID: 2340860, guid: f1e050d610d48214792dc6fabb4815b5, type: 2}
      propertyPath: m_Materials.Array.data[0]
      value: 
      objectReference: {fileID: 2100000, guid: bfdb1cf0ab86a4c4ba6f34553e199541, type: 3}
    - target: {fileID: 10245166, guid: f1e050d610d48214792dc6fabb4815b5, type: 2}
      propertyPath: m_Font
      value: 
      objectReference: {fileID: 12800000, guid: bfdb1cf0ab86a4c4ba6f34553e199541,
        type: 3}
    - target: {fileID: 10245166, guid: f1e050d610d48214792dc6fabb4815b5, type: 2}
      propertyPath: m_FontSize
      value: 50
      objectReference: {fileID: 0}
    - target: {fileID: 10245166, guid: f1e050d610d48214792dc6fabb4815b5, type: 2}
      propertyPath: m_CharacterSize
      value: .170000002
      objectReference: {fileID: 0}
    - target: {fileID: 463160, guid: f1e050d610d48214792dc6fabb4815b5, type: 2}
      propertyPath: m_LocalPosition.y
      value: .0799999982
      objectReference: {fileID: 0}
    - target: {fileID: 463160, guid: f1e050d610d48214792dc6fabb4815b5, type: 2}
      propertyPath: m_LocalPosition.x
      value: -.389999986
      objectReference: {fileID: 0}
    - target: {fileID: 10245166, guid: f1e050d610d48214792dc6fabb4815b5, type: 2}
      propertyPath: m_Color.rgba
      value: 4294967295
      objectReference: {fileID: 0}
    - target: {fileID: 6101126, guid: f1e050d610d48214792dc6fabb4815b5, type: 2}
      propertyPath: m_IsTrigger
      value: 1
      objectReference: {fileID: 0}
    - target: {fileID: 6101126, guid: f1e050d610d48214792dc6fabb4815b5, type: 2}
      propertyPath: m_Size.x
      value: 3.0999999
      objectReference: {fileID: 0}
    - target: {fileID: 6101126, guid: f1e050d610d48214792dc6fabb4815b5, type: 2}
      propertyPath: m_Size.y
      value: 1.41999996
      objectReference: {fileID: 0}
    m_RemovedComponents: []
  m_ParentPrefab: {fileID: 100100000, guid: f1e050d610d48214792dc6fabb4815b5, type: 2}
  m_IsPrefabParent: 0
--- !u!4 &362766371
Transform:
  m_PrefabParentObject: {fileID: 402248, guid: f1e050d610d48214792dc6fabb4815b5, type: 2}
  m_PrefabInternal: {fileID: 362766370}
--- !u!1001 &369842300
Prefab:
  m_ObjectHideFlags: 0
  serializedVersion: 2
  m_Modification:
    m_TransformParent: {fileID: 741073643}
    m_Modifications:
    - target: {fileID: 439028, guid: b21484ccc17d0f94c8823bb168036d42, type: 2}
      propertyPath: m_LocalPosition.x
      value: 2.45000005
      objectReference: {fileID: 0}
    - target: {fileID: 439028, guid: b21484ccc17d0f94c8823bb168036d42, type: 2}
      propertyPath: m_LocalPosition.y
      value: -.200000003
      objectReference: {fileID: 0}
    - target: {fileID: 439028, guid: b21484ccc17d0f94c8823bb168036d42, type: 2}
      propertyPath: m_LocalPosition.z
      value: 0
      objectReference: {fileID: 0}
    - target: {fileID: 439028, guid: b21484ccc17d0f94c8823bb168036d42, type: 2}
      propertyPath: m_LocalRotation.x
      value: 0
      objectReference: {fileID: 0}
    - target: {fileID: 439028, guid: b21484ccc17d0f94c8823bb168036d42, type: 2}
      propertyPath: m_LocalRotation.y
      value: 0
      objectReference: {fileID: 0}
    - target: {fileID: 439028, guid: b21484ccc17d0f94c8823bb168036d42, type: 2}
      propertyPath: m_LocalRotation.z
      value: 0
      objectReference: {fileID: 0}
    - target: {fileID: 439028, guid: b21484ccc17d0f94c8823bb168036d42, type: 2}
      propertyPath: m_LocalRotation.w
      value: 1
      objectReference: {fileID: 0}
    - target: {fileID: 439028, guid: b21484ccc17d0f94c8823bb168036d42, type: 2}
      propertyPath: m_RootOrder
      value: 2
      objectReference: {fileID: 0}
    - target: {fileID: 196980, guid: b21484ccc17d0f94c8823bb168036d42, type: 2}
      propertyPath: m_Name
      value: Loot Protected
      objectReference: {fileID: 0}
    - target: {fileID: 10259794, guid: b21484ccc17d0f94c8823bb168036d42, type: 2}
      propertyPath: m_Text
      value: 'L o o t   P r o t e c t e d:              /'
      objectReference: {fileID: 0}
    - target: {fileID: 10259794, guid: b21484ccc17d0f94c8823bb168036d42, type: 2}
      propertyPath: m_FontSize
      value: 70
      objectReference: {fileID: 0}
    - target: {fileID: 10259794, guid: b21484ccc17d0f94c8823bb168036d42, type: 2}
      propertyPath: m_Font
      value: 
      objectReference: {fileID: 12800000, guid: bfdb1cf0ab86a4c4ba6f34553e199541,
        type: 3}
    - target: {fileID: 2314004, guid: b21484ccc17d0f94c8823bb168036d42, type: 2}
      propertyPath: m_Materials.Array.data[0]
      value: 
      objectReference: {fileID: 2100000, guid: bfdb1cf0ab86a4c4ba6f34553e199541, type: 3}
    - target: {fileID: 10252834, guid: b21484ccc17d0f94c8823bb168036d42, type: 2}
      propertyPath: m_Font
      value: 
      objectReference: {fileID: 12800000, guid: bfdb1cf0ab86a4c4ba6f34553e199541,
        type: 3}
    - target: {fileID: 2347756, guid: b21484ccc17d0f94c8823bb168036d42, type: 2}
      propertyPath: m_Materials.Array.data[0]
      value: 
      objectReference: {fileID: 2100000, guid: bfdb1cf0ab86a4c4ba6f34553e199541, type: 3}
    - target: {fileID: 10252834, guid: b21484ccc17d0f94c8823bb168036d42, type: 2}
      propertyPath: m_FontSize
      value: 70
      objectReference: {fileID: 0}
    - target: {fileID: 10202998, guid: b21484ccc17d0f94c8823bb168036d42, type: 2}
      propertyPath: m_FontSize
      value: 70
      objectReference: {fileID: 0}
    - target: {fileID: 10202998, guid: b21484ccc17d0f94c8823bb168036d42, type: 2}
      propertyPath: m_Font
      value: 
      objectReference: {fileID: 12800000, guid: bfdb1cf0ab86a4c4ba6f34553e199541,
        type: 3}
    - target: {fileID: 2351450, guid: b21484ccc17d0f94c8823bb168036d42, type: 2}
      propertyPath: m_Materials.Array.data[0]
      value: 
      objectReference: {fileID: 2100000, guid: bfdb1cf0ab86a4c4ba6f34553e199541, type: 3}
    m_RemovedComponents: []
  m_ParentPrefab: {fileID: 100100000, guid: b21484ccc17d0f94c8823bb168036d42, type: 2}
  m_IsPrefabParent: 0
--- !u!4 &369842301
Transform:
  m_PrefabParentObject: {fileID: 439028, guid: b21484ccc17d0f94c8823bb168036d42, type: 2}
  m_PrefabInternal: {fileID: 369842300}
--- !u!4 &418983980
Transform:
  m_PrefabParentObject: {fileID: 469140, guid: cc134e47878420149b5fa510d8edb2c7, type: 2}
  m_PrefabInternal: {fileID: 1418664143}
--- !u!1001 &445051926
Prefab:
  m_ObjectHideFlags: 0
  serializedVersion: 2
  m_Modification:
    m_TransformParent: {fileID: 966674917}
    m_Modifications:
    - target: {fileID: 498760, guid: f4c801044d4057b4182f225008c4ee9e, type: 2}
      propertyPath: m_LocalPosition.x
      value: -.0188903175
      objectReference: {fileID: 0}
    - target: {fileID: 498760, guid: f4c801044d4057b4182f225008c4ee9e, type: 2}
      propertyPath: m_LocalPosition.y
      value: -5.38886023
      objectReference: {fileID: 0}
    - target: {fileID: 498760, guid: f4c801044d4057b4182f225008c4ee9e, type: 2}
      propertyPath: m_LocalPosition.z
      value: 0
      objectReference: {fileID: 0}
    - target: {fileID: 498760, guid: f4c801044d4057b4182f225008c4ee9e, type: 2}
      propertyPath: m_LocalRotation.x
      value: -.674258769
      objectReference: {fileID: 0}
    - target: {fileID: 498760, guid: f4c801044d4057b4182f225008c4ee9e, type: 2}
      propertyPath: m_LocalRotation.y
      value: -.213014439
      objectReference: {fileID: 0}
    - target: {fileID: 498760, guid: f4c801044d4057b4182f225008c4ee9e, type: 2}
      propertyPath: m_LocalRotation.z
      value: .213014424
      objectReference: {fileID: 0}
    - target: {fileID: 498760, guid: f4c801044d4057b4182f225008c4ee9e, type: 2}
      propertyPath: m_LocalRotation.w
      value: .674258769
      objectReference: {fileID: 0}
    - target: {fileID: 498760, guid: f4c801044d4057b4182f225008c4ee9e, type: 2}
      propertyPath: m_RootOrder
      value: 6
      objectReference: {fileID: 0}
    m_RemovedComponents: []
  m_ParentPrefab: {fileID: 100100000, guid: f4c801044d4057b4182f225008c4ee9e, type: 2}
  m_IsPrefabParent: 0
--- !u!1 &459205179
GameObject:
  m_ObjectHideFlags: 0
  m_PrefabParentObject: {fileID: 107448, guid: b21484ccc17d0f94c8823bb168036d42, type: 2}
  m_PrefabInternal: {fileID: 0}
  serializedVersion: 4
  m_Component:
  - 4: {fileID: 459205180}
  - 23: {fileID: 459205183}
  - 102: {fileID: 459205182}
  - 114: {fileID: 459205181}
  m_Layer: 0
  m_Name: Right Counter
  m_TagString: Untagged
  m_Icon: {fileID: 0}
  m_NavMeshLayer: 0
  m_StaticEditorFlags: 0
  m_IsActive: 1
--- !u!4 &459205180
Transform:
  m_ObjectHideFlags: 0
  m_PrefabParentObject: {fileID: 423870, guid: b21484ccc17d0f94c8823bb168036d42, type: 2}
  m_PrefabInternal: {fileID: 0}
  m_GameObject: {fileID: 459205179}
  m_LocalRotation: {x: 0, y: 0, z: 0, w: 1}
  m_LocalPosition: {x: .479999989, y: 0, z: 0}
  m_LocalScale: {x: 1, y: 1, z: 1}
  m_Children: []
  m_Father: {fileID: 1016734291}
  m_RootOrder: 1
--- !u!114 &459205181
MonoBehaviour:
  m_ObjectHideFlags: 0
  m_PrefabParentObject: {fileID: 11477712, guid: b21484ccc17d0f94c8823bb168036d42,
    type: 2}
  m_PrefabInternal: {fileID: 0}
  m_GameObject: {fileID: 459205179}
  m_Enabled: 1
  m_EditorHideFlags: 0
  m_Script: {fileID: 11500000, guid: a2d83b100185fdb4eb3b8c7141dc3498, type: 3}
  m_Name: 
  m_EditorClassIdentifier: 
  startingNumber: 0
  endingNumber: 100
  finishedCounting: 0
--- !u!102 &459205182
TextMesh:
  serializedVersion: 3
  m_ObjectHideFlags: 0
  m_PrefabParentObject: {fileID: 10202998, guid: b21484ccc17d0f94c8823bb168036d42,
    type: 2}
  m_PrefabInternal: {fileID: 0}
  m_GameObject: {fileID: 459205179}
  m_Text: 0
  m_OffsetZ: 0
  m_CharacterSize: .100000001
  m_LineSpacing: 1
  m_Anchor: 4
  m_Alignment: 0
  m_TabSize: 4
  m_FontSize: 70
  m_FontStyle: 0
  m_RichText: 1
  m_Font: {fileID: 12800000, guid: bfdb1cf0ab86a4c4ba6f34553e199541, type: 3}
  m_Color:
    serializedVersion: 2
    rgba: 4294967295
--- !u!23 &459205183
MeshRenderer:
  m_ObjectHideFlags: 0
  m_PrefabParentObject: {fileID: 2351450, guid: b21484ccc17d0f94c8823bb168036d42,
    type: 2}
  m_PrefabInternal: {fileID: 0}
  m_GameObject: {fileID: 459205179}
  m_Enabled: 1
  m_CastShadows: 1
  m_ReceiveShadows: 1
  m_Materials:
  - {fileID: 2100000, guid: bfdb1cf0ab86a4c4ba6f34553e199541, type: 3}
  m_SubsetIndices: 
  m_StaticBatchRoot: {fileID: 0}
  m_UseLightProbes: 1
  m_ReflectionProbeUsage: 1
  m_ProbeAnchor: {fileID: 0}
  m_ScaleInLightmap: 1
  m_PreserveUVs: 0
  m_ImportantGI: 0
  m_AutoUVMaxDistance: .5
  m_AutoUVMaxAngle: 89
  m_LightmapParameters: {fileID: 0}
  m_SortingLayerID: 0
  m_SortingOrder: 0
--- !u!1 &538813993
GameObject:
  m_PrefabParentObject: {fileID: 189932, guid: f1e050d610d48214792dc6fabb4815b5, type: 2}
  m_PrefabInternal: {fileID: 362766370}
--- !u!1 &656598373
GameObject:
  m_PrefabParentObject: {fileID: 196980, guid: b21484ccc17d0f94c8823bb168036d42, type: 2}
  m_PrefabInternal: {fileID: 1727781595}
--- !u!4 &656598374
Transform:
  m_PrefabParentObject: {fileID: 439028, guid: b21484ccc17d0f94c8823bb168036d42, type: 2}
  m_PrefabInternal: {fileID: 1727781595}
--- !u!114 &656598377
MonoBehaviour:
  m_ObjectHideFlags: 0
  m_PrefabParentObject: {fileID: 0}
  m_PrefabInternal: {fileID: 0}
  m_GameObject: {fileID: 656598373}
  m_Enabled: 1
  m_EditorHideFlags: 0
  m_Script: {fileID: 11500000, guid: 1e85a29650ce7a34c874b4905a391735, type: 3}
  m_Name: 
  m_EditorClassIdentifier: 
  finished: 0
--- !u!1 &712410615
GameObject:
  m_PrefabParentObject: {fileID: 196980, guid: b21484ccc17d0f94c8823bb168036d42, type: 2}
  m_PrefabInternal: {fileID: 369842300}
--- !u!114 &712410618
MonoBehaviour:
  m_ObjectHideFlags: 0
  m_PrefabParentObject: {fileID: 0}
  m_PrefabInternal: {fileID: 0}
  m_GameObject: {fileID: 712410615}
  m_Enabled: 1
  m_EditorHideFlags: 0
  m_Script: {fileID: 11500000, guid: 1e85a29650ce7a34c874b4905a391735, type: 3}
  m_Name: 
  m_EditorClassIdentifier: 
  finished: 0
--- !u!1001 &713406427
Prefab:
  m_ObjectHideFlags: 0
  serializedVersion: 2
  m_Modification:
    m_TransformParent: {fileID: 966674917}
    m_Modifications:
    - target: {fileID: 435414, guid: d03b684763ad4054f9e5f5db7b1306ce, type: 2}
      propertyPath: m_LocalPosition.x
      value: -.0188903175
      objectReference: {fileID: 0}
    - target: {fileID: 435414, guid: d03b684763ad4054f9e5f5db7b1306ce, type: 2}
      propertyPath: m_LocalPosition.y
      value: -5.38886023
      objectReference: {fileID: 0}
    - target: {fileID: 435414, guid: d03b684763ad4054f9e5f5db7b1306ce, type: 2}
      propertyPath: m_LocalPosition.z
      value: 0
      objectReference: {fileID: 0}
    - target: {fileID: 435414, guid: d03b684763ad4054f9e5f5db7b1306ce, type: 2}
      propertyPath: m_LocalRotation.x
      value: -.684597313
      objectReference: {fileID: 0}
    - target: {fileID: 435414, guid: d03b684763ad4054f9e5f5db7b1306ce, type: 2}
      propertyPath: m_LocalRotation.y
      value: -.176993027
      objectReference: {fileID: 0}
    - target: {fileID: 435414, guid: d03b684763ad4054f9e5f5db7b1306ce, type: 2}
      propertyPath: m_LocalRotation.z
      value: .176992998
      objectReference: {fileID: 0}
    - target: {fileID: 435414, guid: d03b684763ad4054f9e5f5db7b1306ce, type: 2}
      propertyPath: m_LocalRotation.w
      value: .684597313
      objectReference: {fileID: 0}
    - target: {fileID: 435414, guid: d03b684763ad4054f9e5f5db7b1306ce, type: 2}
      propertyPath: m_RootOrder
      value: 3
      objectReference: {fileID: 0}
    m_RemovedComponents: []
  m_ParentPrefab: {fileID: 100100000, guid: d03b684763ad4054f9e5f5db7b1306ce, type: 2}
  m_IsPrefabParent: 0
--- !u!1 &741073642
GameObject:
  m_ObjectHideFlags: 0
  m_PrefabParentObject: {fileID: 0}
  m_PrefabInternal: {fileID: 0}
  serializedVersion: 4
  m_Component:
  - 4: {fileID: 741073643}
  - 114: {fileID: 741073644}
  - 114: {fileID: 741073645}
  m_Layer: 0
  m_Name: Results
  m_TagString: Untagged
  m_Icon: {fileID: 0}
  m_NavMeshLayer: 0
  m_StaticEditorFlags: 0
  m_IsActive: 1
--- !u!4 &741073643
Transform:
  m_ObjectHideFlags: 0
  m_PrefabParentObject: {fileID: 0}
  m_PrefabInternal: {fileID: 0}
  m_GameObject: {fileID: 741073642}
  m_LocalRotation: {x: 0, y: 0, z: 0, w: 1}
  m_LocalPosition: {x: 0, y: 0, z: 0}
  m_LocalScale: {x: .800000012, y: .800000012, z: 1}
  m_Children:
  - {fileID: 1806714198}
  - {fileID: 1016734291}
  - {fileID: 369842301}
  - {fileID: 1677367068}
  - {fileID: 656598374}
  - {fileID: 57706875}
  - {fileID: 1857374661}
  m_Father: {fileID: 0}
  m_RootOrder: 2
--- !u!114 &741073644
MonoBehaviour:
  m_ObjectHideFlags: 0
  m_PrefabParentObject: {fileID: 0}
  m_PrefabInternal: {fileID: 0}
  m_GameObject: {fileID: 741073642}
  m_Enabled: 1
  m_EditorHideFlags: 0
  m_Script: {fileID: 11500000, guid: a0f9d845b8ed3fd4098fa825cadc20a5, type: 3}
  m_Name: 
  m_EditorClassIdentifier: 
  lootProtected: {fileID: 712410618}
  lootersKilled: {fileID: 1190643870}
  objectsDestroyed: {fileID: 1016734294}
  lootersScaredAway: {fileID: 656598377}
  message: {fileID: 1857374662}
  retryButton: {fileID: 538813993}
  quitButton: {fileID: 1664523236}
  nextButton: {fileID: 1109353495}
  fireworks: {fileID: 966674916}
  initialWaitTime: 1
  timeBetweenLines: .5
  fireworkSoundDelay: 3.4000001
--- !u!114 &741073645
MonoBehaviour:
  m_ObjectHideFlags: 0
  m_PrefabParentObject: {fileID: 0}
  m_PrefabInternal: {fileID: 0}
  m_GameObject: {fileID: 741073642}
  m_Enabled: 1
  m_EditorHideFlags: 0
  m_Script: {fileID: 11500000, guid: 7b43a8554e5be334f9c16032a8469855, type: 3}
  m_Name: 
  m_EditorClassIdentifier: 
  effects:
  - {fileID: 8300000, guid: 3a64b36ab18d80b4897c75f93e556750, type: 3}
--- !u!1 &781510727
GameObject:
  m_ObjectHideFlags: 0
  m_PrefabParentObject: {fileID: 0}
  m_PrefabInternal: {fileID: 0}
  serializedVersion: 4
  m_Component:
  - 4: {fileID: 781510732}
  - 20: {fileID: 781510731}
  - 92: {fileID: 781510730}
  - 124: {fileID: 781510729}
  - 81: {fileID: 781510728}
  - 82: {fileID: 781510733}
  m_Layer: 0
  m_Name: Main Camera
  m_TagString: MainCamera
  m_Icon: {fileID: 0}
  m_NavMeshLayer: 0
  m_StaticEditorFlags: 0
  m_IsActive: 1
--- !u!81 &781510728
AudioListener:
  m_ObjectHideFlags: 0
  m_PrefabParentObject: {fileID: 0}
  m_PrefabInternal: {fileID: 0}
  m_GameObject: {fileID: 781510727}
  m_Enabled: 1
--- !u!124 &781510729
Behaviour:
  m_ObjectHideFlags: 0
  m_PrefabParentObject: {fileID: 0}
  m_PrefabInternal: {fileID: 0}
  m_GameObject: {fileID: 781510727}
  m_Enabled: 1
--- !u!92 &781510730
Behaviour:
  m_ObjectHideFlags: 0
  m_PrefabParentObject: {fileID: 0}
  m_PrefabInternal: {fileID: 0}
  m_GameObject: {fileID: 781510727}
  m_Enabled: 1
--- !u!20 &781510731
Camera:
  m_ObjectHideFlags: 0
  m_PrefabParentObject: {fileID: 0}
  m_PrefabInternal: {fileID: 0}
  m_GameObject: {fileID: 781510727}
  m_Enabled: 1
  serializedVersion: 2
  m_ClearFlags: 1
  m_BackGroundColor: {r: 0, g: 0, b: 0, a: .0196078438}
  m_NormalizedViewPortRect:
    serializedVersion: 2
    x: 0
    y: 0
    width: 1
    height: 1
  near clip plane: .300000012
  far clip plane: 1000
  field of view: 60
  orthographic: 1
  orthographic size: 5
  m_Depth: -1
  m_CullingMask:
    serializedVersion: 2
    m_Bits: 4294967295
  m_RenderingPath: -1
  m_TargetTexture: {fileID: 0}
  m_TargetDisplay: 0
  m_HDR: 0
  m_OcclusionCulling: 1
  m_StereoConvergence: 10
  m_StereoSeparation: .0219999999
--- !u!4 &781510732
Transform:
  m_ObjectHideFlags: 0
  m_PrefabParentObject: {fileID: 0}
  m_PrefabInternal: {fileID: 0}
  m_GameObject: {fileID: 781510727}
  m_LocalRotation: {x: 0, y: 0, z: 0, w: 1}
  m_LocalPosition: {x: 0, y: 0, z: -10}
  m_LocalScale: {x: 1, y: 1, z: 1}
  m_Children: []
  m_Father: {fileID: 0}
  m_RootOrder: 0
--- !u!82 &781510733
AudioSource:
  m_ObjectHideFlags: 0
  m_PrefabParentObject: {fileID: 0}
  m_PrefabInternal: {fileID: 0}
  m_GameObject: {fileID: 781510727}
  m_Enabled: 1
  serializedVersion: 4
  OutputAudioMixerGroup: {fileID: 0}
  m_audioClip: {fileID: 8300000, guid: b222041eff4a615449d0939155def74c, type: 3}
  m_PlayOnAwake: 1
  m_Volume: 1
  m_Pitch: 1
  Loop: 0
  Mute: 0
  Priority: 128
  DopplerLevel: 1
  MinDistance: 1
  MaxDistance: 500
  Pan2D: 0
  rolloffMode: 0
  BypassEffects: 0
  BypassListenerEffects: 0
  BypassReverbZones: 0
  rolloffCustomCurve:
    serializedVersion: 2
    m_Curve:
    - time: 0
      value: 1
      inSlope: 0
      outSlope: 0
      tangentMode: 0
    - time: 1
      value: 0
      inSlope: 0
      outSlope: 0
      tangentMode: 0
    m_PreInfinity: 2
    m_PostInfinity: 2
  panLevelCustomCurve:
    serializedVersion: 2
    m_Curve:
    - time: 0
      value: 1
      inSlope: 0
      outSlope: 0
      tangentMode: 0
    m_PreInfinity: 2
    m_PostInfinity: 2
  spreadCustomCurve:
    serializedVersion: 2
    m_Curve:
    - time: 0
      value: 0
      inSlope: 0
      outSlope: 0
      tangentMode: 0
    m_PreInfinity: 2
    m_PostInfinity: 2
  reverbZoneMixCustomCurve:
    serializedVersion: 2
    m_Curve:
    - time: 0
      value: 1
      inSlope: 0
      outSlope: 0
      tangentMode: 0
    m_PreInfinity: 2
    m_PostInfinity: 2
--- !u!1001 &859666003
Prefab:
  m_ObjectHideFlags: 0
  serializedVersion: 2
  m_Modification:
    m_TransformParent: {fileID: 0}
    m_Modifications:
    - target: {fileID: 464066, guid: eb0ce750b86e2034194b4d94c6fc2bac, type: 2}
      propertyPath: m_LocalPosition.x
      value: 0
      objectReference: {fileID: 0}
    - target: {fileID: 464066, guid: eb0ce750b86e2034194b4d94c6fc2bac, type: 2}
      propertyPath: m_LocalPosition.y
      value: 0
      objectReference: {fileID: 0}
    - target: {fileID: 464066, guid: eb0ce750b86e2034194b4d94c6fc2bac, type: 2}
      propertyPath: m_LocalPosition.z
      value: 0
      objectReference: {fileID: 0}
    - target: {fileID: 464066, guid: eb0ce750b86e2034194b4d94c6fc2bac, type: 2}
      propertyPath: m_LocalRotation.x
      value: 0
      objectReference: {fileID: 0}
    - target: {fileID: 464066, guid: eb0ce750b86e2034194b4d94c6fc2bac, type: 2}
      propertyPath: m_LocalRotation.y
      value: 0
      objectReference: {fileID: 0}
    - target: {fileID: 464066, guid: eb0ce750b86e2034194b4d94c6fc2bac, type: 2}
      propertyPath: m_LocalRotation.z
      value: 0
      objectReference: {fileID: 0}
    - target: {fileID: 464066, guid: eb0ce750b86e2034194b4d94c6fc2bac, type: 2}
      propertyPath: m_LocalRotation.w
      value: 1
      objectReference: {fileID: 0}
    - target: {fileID: 464066, guid: eb0ce750b86e2034194b4d94c6fc2bac, type: 2}
      propertyPath: m_RootOrder
      value: 4
      objectReference: {fileID: 0}
    m_RemovedComponents: []
  m_ParentPrefab: {fileID: 100100000, guid: eb0ce750b86e2034194b4d94c6fc2bac, type: 2}
  m_IsPrefabParent: 0
--- !u!1 &951826852
GameObject:
  m_ObjectHideFlags: 0
  m_PrefabParentObject: {fileID: 0}
  m_PrefabInternal: {fileID: 0}
  serializedVersion: 4
  m_Component:
  - 4: {fileID: 951826853}
  - 95: {fileID: 951826854}
  m_Layer: 0
  m_Name: Animator
  m_TagString: Untagged
  m_Icon: {fileID: 0}
  m_NavMeshLayer: 0
  m_StaticEditorFlags: 0
  m_IsActive: 1
--- !u!4 &951826853
Transform:
  m_ObjectHideFlags: 0
  m_PrefabParentObject: {fileID: 0}
  m_PrefabInternal: {fileID: 0}
  m_GameObject: {fileID: 951826852}
  m_LocalRotation: {x: 0, y: 0, z: 0, w: 1}
  m_LocalPosition: {x: 1.8599999, y: 1.34500003, z: 3}
  m_LocalScale: {x: 1, y: 1, z: 1}
  m_Children: []
  m_Father: {fileID: 0}
  m_RootOrder: 1
--- !u!95 &951826854
Animator:
  serializedVersion: 3
  m_ObjectHideFlags: 0
  m_PrefabParentObject: {fileID: 0}
  m_PrefabInternal: {fileID: 0}
  m_GameObject: {fileID: 951826852}
  m_Enabled: 1
  m_Avatar: {fileID: 0}
  m_Controller: {fileID: 0}
  m_CullingMode: 0
  m_UpdateMode: 0
  m_ApplyRootMotion: 0
  m_LinearVelocityBlending: 0
  m_WarningMessage: 
  m_HasTransformHierarchy: 1
  m_AllowConstantClipSamplingOptimization: 1
--- !u!1 &966674916
GameObject:
  m_ObjectHideFlags: 0
  m_PrefabParentObject: {fileID: 0}
  m_PrefabInternal: {fileID: 0}
  serializedVersion: 4
  m_Component:
  - 4: {fileID: 966674917}
  - 82: {fileID: 966674918}
  m_Layer: 0
  m_Name: Fireworks
  m_TagString: Untagged
  m_Icon: {fileID: 0}
  m_NavMeshLayer: 0
  m_StaticEditorFlags: 0
  m_IsActive: 0
--- !u!4 &966674917
Transform:
  m_ObjectHideFlags: 0
  m_PrefabParentObject: {fileID: 0}
  m_PrefabInternal: {fileID: 0}
  m_GameObject: {fileID: 966674916}
  m_LocalRotation: {x: 0, y: 0, z: 0, w: 1}
  m_LocalPosition: {x: .0788903162, y: .218860358, z: 2.5}
  m_LocalScale: {x: 1, y: 1, z: 1}
  m_Children:
  - {fileID: 1895544558}
  - {fileID: 1564818828}
  - {fileID: 1343517592}
  - {fileID: 1630077213}
  - {fileID: 418983980}
  - {fileID: 2140631294}
  - {fileID: 236062284}
  - {fileID: 1021794675}
  - {fileID: 1971085354}
  m_Father: {fileID: 0}
  m_RootOrder: 3
--- !u!82 &966674918
AudioSource:
  m_ObjectHideFlags: 0
  m_PrefabParentObject: {fileID: 0}
  m_PrefabInternal: {fileID: 0}
  m_GameObject: {fileID: 966674916}
  m_Enabled: 1
  serializedVersion: 4
  OutputAudioMixerGroup: {fileID: 0}
  m_audioClip: {fileID: 8300000, guid: 0ac80eb62376b9f4d854b083faf5a0cd, type: 3}
  m_PlayOnAwake: 1
  m_Volume: 1
  m_Pitch: 1
  Loop: 0
  Mute: 0
  Priority: 128
  DopplerLevel: 1
  MinDistance: 1
  MaxDistance: 500
  Pan2D: 0
  rolloffMode: 0
  BypassEffects: 0
  BypassListenerEffects: 0
  BypassReverbZones: 0
  rolloffCustomCurve:
    serializedVersion: 2
    m_Curve:
    - time: 0
      value: 1
      inSlope: 0
      outSlope: 0
      tangentMode: 0
    - time: 1
      value: 0
      inSlope: 0
      outSlope: 0
      tangentMode: 0
    m_PreInfinity: 2
    m_PostInfinity: 2
  panLevelCustomCurve:
    serializedVersion: 2
    m_Curve:
    - time: 0
      value: 0
      inSlope: 0
      outSlope: 0
      tangentMode: 0
    m_PreInfinity: 2
    m_PostInfinity: 2
  spreadCustomCurve:
    serializedVersion: 2
    m_Curve:
    - time: 0
      value: 0
      inSlope: 0
      outSlope: 0
      tangentMode: 0
    m_PreInfinity: 2
    m_PostInfinity: 2
  reverbZoneMixCustomCurve:
    serializedVersion: 2
    m_Curve:
    - time: 0
      value: 1
      inSlope: 0
      outSlope: 0
      tangentMode: 0
    m_PreInfinity: 2
    m_PostInfinity: 2
--- !u!1001 &1003033288
Prefab:
  m_ObjectHideFlags: 0
  serializedVersion: 2
  m_Modification:
    m_TransformParent: {fileID: 966674917}
    m_Modifications:
    - target: {fileID: 494924, guid: d3fe092a9b8952947879796dd407d5fd, type: 2}
      propertyPath: m_LocalPosition.x
      value: -.0188903175
      objectReference: {fileID: 0}
    - target: {fileID: 494924, guid: d3fe092a9b8952947879796dd407d5fd, type: 2}
      propertyPath: m_LocalPosition.y
      value: -5.38886023
      objectReference: {fileID: 0}
    - target: {fileID: 494924, guid: d3fe092a9b8952947879796dd407d5fd, type: 2}
      propertyPath: m_LocalPosition.z
      value: 0
      objectReference: {fileID: 0}
    - target: {fileID: 494924, guid: d3fe092a9b8952947879796dd407d5fd, type: 2}
      propertyPath: m_LocalRotation.x
      value: .689843893
      objectReference: {fileID: 0}
    - target: {fileID: 494924, guid: d3fe092a9b8952947879796dd407d5fd, type: 2}
      propertyPath: m_LocalRotation.y
      value: -.155290738
      objectReference: {fileID: 0}
    - target: {fileID: 494924, guid: d3fe092a9b8952947879796dd407d5fd, type: 2}
      propertyPath: m_LocalRotation.z
      value: .155290693
      objectReference: {fileID: 0}
    - target: {fileID: 494924, guid: d3fe092a9b8952947879796dd407d5fd, type: 2}
      propertyPath: m_LocalRotation.w
      value: -.689844251
      objectReference: {fileID: 0}
    - target: {fileID: 494924, guid: d3fe092a9b8952947879796dd407d5fd, type: 2}
      propertyPath: m_RootOrder
      value: 8
      objectReference: {fileID: 0}
    m_RemovedComponents: []
  m_ParentPrefab: {fileID: 100100000, guid: d3fe092a9b8952947879796dd407d5fd, type: 2}
  m_IsPrefabParent: 0
--- !u!1 &1016734290
GameObject:
  m_ObjectHideFlags: 0
  m_PrefabParentObject: {fileID: 196980, guid: b21484ccc17d0f94c8823bb168036d42, type: 2}
  m_PrefabInternal: {fileID: 0}
  serializedVersion: 4
  m_Component:
  - 4: {fileID: 1016734291}
  - 23: {fileID: 1016734293}
  - 102: {fileID: 1016734292}
  - 114: {fileID: 1016734294}
  m_Layer: 0
  m_Name: Objects Destroyed
  m_TagString: Untagged
  m_Icon: {fileID: 0}
  m_NavMeshLayer: 0
  m_StaticEditorFlags: 0
  m_IsActive: 1
--- !u!4 &1016734291
Transform:
  m_ObjectHideFlags: 0
  m_PrefabParentObject: {fileID: 439028, guid: b21484ccc17d0f94c8823bb168036d42, type: 2}
  m_PrefabInternal: {fileID: 0}
  m_GameObject: {fileID: 1016734290}
  m_LocalRotation: {x: 0, y: 0, z: 0, w: 1}
  m_LocalPosition: {x: 2.45000005, y: 2.20000005, z: 0}
  m_LocalScale: {x: 1, y: 1, z: 1}
  m_Children:
  - {fileID: 1443072421}
  - {fileID: 459205180}
  m_Father: {fileID: 741073643}
  m_RootOrder: 1
--- !u!102 &1016734292
TextMesh:
  serializedVersion: 3
  m_ObjectHideFlags: 0
  m_PrefabParentObject: {fileID: 10259794, guid: b21484ccc17d0f94c8823bb168036d42,
    type: 2}
  m_PrefabInternal: {fileID: 0}
  m_GameObject: {fileID: 1016734290}
  m_Text: 'O b j e c t s   D e s t r o y e d:               /'
  m_OffsetZ: 0
  m_CharacterSize: .100000001
  m_LineSpacing: 1
  m_Anchor: 5
  m_Alignment: 0
  m_TabSize: 4
  m_FontSize: 70
  m_FontStyle: 0
  m_RichText: 1
  m_Font: {fileID: 12800000, guid: bfdb1cf0ab86a4c4ba6f34553e199541, type: 3}
  m_Color:
    serializedVersion: 2
    rgba: 4294967295
--- !u!23 &1016734293
MeshRenderer:
  m_ObjectHideFlags: 0
  m_PrefabParentObject: {fileID: 2314004, guid: b21484ccc17d0f94c8823bb168036d42,
    type: 2}
  m_PrefabInternal: {fileID: 0}
  m_GameObject: {fileID: 1016734290}
  m_Enabled: 1
  m_CastShadows: 1
  m_ReceiveShadows: 1
  m_Materials:
  - {fileID: 2100000, guid: bfdb1cf0ab86a4c4ba6f34553e199541, type: 3}
  m_SubsetIndices: 
  m_StaticBatchRoot: {fileID: 0}
  m_UseLightProbes: 1
  m_ReflectionProbeUsage: 1
  m_ProbeAnchor: {fileID: 0}
  m_ScaleInLightmap: 1
  m_PreserveUVs: 0
  m_ImportantGI: 0
  m_AutoUVMaxDistance: .5
  m_AutoUVMaxAngle: 89
  m_LightmapParameters: {fileID: 0}
  m_SortingLayerID: 0
  m_SortingOrder: 0
--- !u!114 &1016734294
MonoBehaviour:
  m_ObjectHideFlags: 0
  m_PrefabParentObject: {fileID: 0}
  m_PrefabInternal: {fileID: 0}
  m_GameObject: {fileID: 1016734290}
  m_Enabled: 1
  m_EditorHideFlags: 0
  m_Script: {fileID: 11500000, guid: 1e85a29650ce7a34c874b4905a391735, type: 3}
  m_Name: 
  m_EditorClassIdentifier: 
  finished: 0
--- !u!4 &1021794675
Transform:
  m_PrefabParentObject: {fileID: 446012, guid: c31895d61d7694e4daba80e63fe28e0a, type: 2}
  m_PrefabInternal: {fileID: 1682807191}
--- !u!1001 &1100755518
Prefab:
  m_ObjectHideFlags: 0
  serializedVersion: 2
  m_Modification:
    m_TransformParent: {fileID: 966674917}
    m_Modifications:
    - target: {fileID: 499816, guid: 084a10cbd40a93d40a317d032ff1f96d, type: 2}
      propertyPath: m_LocalPosition.x
      value: -.0188903175
      objectReference: {fileID: 0}
    - target: {fileID: 499816, guid: 084a10cbd40a93d40a317d032ff1f96d, type: 2}
      propertyPath: m_LocalPosition.y
      value: -5.38886023
      objectReference: {fileID: 0}
    - target: {fileID: 499816, guid: 084a10cbd40a93d40a317d032ff1f96d, type: 2}
      propertyPath: m_LocalPosition.z
      value: 0
      objectReference: {fileID: 0}
    - target: {fileID: 499816, guid: 084a10cbd40a93d40a317d032ff1f96d, type: 2}
      propertyPath: m_LocalRotation.x
      value: -.691003859
      objectReference: {fileID: 0}
    - target: {fileID: 499816, guid: 084a10cbd40a93d40a317d032ff1f96d, type: 2}
      propertyPath: m_LocalRotation.y
      value: -.150045559
      objectReference: {fileID: 0}
    - target: {fileID: 499816, guid: 084a10cbd40a93d40a317d032ff1f96d, type: 2}
      propertyPath: m_LocalRotation.z
      value: .150045529
      objectReference: {fileID: 0}
    - target: {fileID: 499816, guid: 084a10cbd40a93d40a317d032ff1f96d, type: 2}
      propertyPath: m_LocalRotation.w
      value: .691003919
      objectReference: {fileID: 0}
    - target: {fileID: 499816, guid: 084a10cbd40a93d40a317d032ff1f96d, type: 2}
      propertyPath: m_RootOrder
      value: 0
      objectReference: {fileID: 0}
    m_RemovedComponents: []
  m_ParentPrefab: {fileID: 100100000, guid: 084a10cbd40a93d40a317d032ff1f96d, type: 2}
  m_IsPrefabParent: 0
--- !u!1 &1109353495
GameObject:
  m_PrefabParentObject: {fileID: 189932, guid: f1e050d610d48214792dc6fabb4815b5, type: 2}
  m_PrefabInternal: {fileID: 2006583558}
--- !u!61 &1109353496
BoxCollider2D:
  m_ObjectHideFlags: 0
  m_PrefabParentObject: {fileID: 0}
  m_PrefabInternal: {fileID: 0}
  m_GameObject: {fileID: 1109353495}
  m_Enabled: 1
  m_Material: {fileID: 0}
  m_IsTrigger: 1
  m_UsedByEffector: 0
  m_Offset: {x: 0, y: 0}
  serializedVersion: 2
  m_Size: {x: 3.0999999, y: 1.41999996}
--- !u!1 &1190643867
GameObject:
  m_PrefabParentObject: {fileID: 196980, guid: b21484ccc17d0f94c8823bb168036d42, type: 2}
  m_PrefabInternal: {fileID: 1677367067}
--- !u!114 &1190643870
MonoBehaviour:
  m_ObjectHideFlags: 0
  m_PrefabParentObject: {fileID: 0}
  m_PrefabInternal: {fileID: 0}
  m_GameObject: {fileID: 1190643867}
  m_Enabled: 1
  m_EditorHideFlags: 0
  m_Script: {fileID: 11500000, guid: 1e85a29650ce7a34c874b4905a391735, type: 3}
  m_Name: 
  m_EditorClassIdentifier: 
  finished: 0
--- !u!4 &1343517592
Transform:
  m_PrefabParentObject: {fileID: 438918, guid: 65435d6c9a461094eac1b8200a61cef4, type: 2}
  m_PrefabInternal: {fileID: 1956826530}
--- !u!1001 &1418664143
Prefab:
  m_ObjectHideFlags: 0
  serializedVersion: 2
  m_Modification:
    m_TransformParent: {fileID: 966674917}
    m_Modifications:
    - target: {fileID: 469140, guid: cc134e47878420149b5fa510d8edb2c7, type: 2}
      propertyPath: m_LocalPosition.x
      value: -.0188903175
      objectReference: {fileID: 0}
    - target: {fileID: 469140, guid: cc134e47878420149b5fa510d8edb2c7, type: 2}
      propertyPath: m_LocalPosition.y
      value: -5.38886023
      objectReference: {fileID: 0}
    - target: {fileID: 469140, guid: cc134e47878420149b5fa510d8edb2c7, type: 2}
      propertyPath: m_LocalPosition.z
      value: 0
      objectReference: {fileID: 0}
    - target: {fileID: 469140, guid: cc134e47878420149b5fa510d8edb2c7, type: 2}
      propertyPath: m_LocalRotation.x
      value: -.68438381
      objectReference: {fileID: 0}
    - target: {fileID: 469140, guid: cc134e47878420149b5fa510d8edb2c7, type: 2}
      propertyPath: m_LocalRotation.y
      value: .177816913
      objectReference: {fileID: 0}
    - target: {fileID: 469140, guid: cc134e47878420149b5fa510d8edb2c7, type: 2}
      propertyPath: m_LocalRotation.z
      value: -.177816913
      objectReference: {fileID: 0}
    - target: {fileID: 469140, guid: cc134e47878420149b5fa510d8edb2c7, type: 2}
      propertyPath: m_LocalRotation.w
      value: .68438381
      objectReference: {fileID: 0}
    - target: {fileID: 469140, guid: cc134e47878420149b5fa510d8edb2c7, type: 2}
      propertyPath: m_RootOrder
      value: 4
      objectReference: {fileID: 0}
    m_RemovedComponents: []
  m_ParentPrefab: {fileID: 100100000, guid: cc134e47878420149b5fa510d8edb2c7, type: 2}
  m_IsPrefabParent: 0
--- !u!1001 &1443072420
Prefab:
  m_ObjectHideFlags: 0
  serializedVersion: 2
  m_Modification:
    m_TransformParent: {fileID: 1016734291}
    m_Modifications:
    - target: {fileID: 497662, guid: a961292134e2e254db24215e153eb559, type: 2}
      propertyPath: m_LocalPosition.x
      value: -.699999988
      objectReference: {fileID: 0}
    - target: {fileID: 497662, guid: a961292134e2e254db24215e153eb559, type: 2}
      propertyPath: m_LocalPosition.y
      value: 0
      objectReference: {fileID: 0}
    - target: {fileID: 497662, guid: a961292134e2e254db24215e153eb559, type: 2}
      propertyPath: m_LocalPosition.z
      value: 0
      objectReference: {fileID: 0}
    - target: {fileID: 497662, guid: a961292134e2e254db24215e153eb559, type: 2}
      propertyPath: m_LocalRotation.x
      value: 0
      objectReference: {fileID: 0}
    - target: {fileID: 497662, guid: a961292134e2e254db24215e153eb559, type: 2}
      propertyPath: m_LocalRotation.y
      value: 0
      objectReference: {fileID: 0}
    - target: {fileID: 497662, guid: a961292134e2e254db24215e153eb559, type: 2}
      propertyPath: m_LocalRotation.z
      value: 0
      objectReference: {fileID: 0}
    - target: {fileID: 497662, guid: a961292134e2e254db24215e153eb559, type: 2}
      propertyPath: m_LocalRotation.w
      value: 1
      objectReference: {fileID: 0}
    - target: {fileID: 497662, guid: a961292134e2e254db24215e153eb559, type: 2}
      propertyPath: m_RootOrder
      value: 0
      objectReference: {fileID: 0}
    - target: {fileID: 10220112, guid: a961292134e2e254db24215e153eb559, type: 2}
      propertyPath: m_Font
      value: 
      objectReference: {fileID: 12800000, guid: bfdb1cf0ab86a4c4ba6f34553e199541,
        type: 3}
    - target: {fileID: 2317004, guid: a961292134e2e254db24215e153eb559, type: 2}
      propertyPath: m_Materials.Array.data[0]
      value: 
      objectReference: {fileID: 2100000, guid: bfdb1cf0ab86a4c4ba6f34553e199541, type: 3}
    - target: {fileID: 10220112, guid: a961292134e2e254db24215e153eb559, type: 2}
      propertyPath: m_FontSize
      value: 70
      objectReference: {fileID: 0}
    m_RemovedComponents: []
  m_ParentPrefab: {fileID: 100100000, guid: a961292134e2e254db24215e153eb559, type: 2}
  m_IsPrefabParent: 0
--- !u!4 &1443072421
Transform:
  m_PrefabParentObject: {fileID: 497662, guid: a961292134e2e254db24215e153eb559, type: 2}
  m_PrefabInternal: {fileID: 1443072420}
--- !u!1001 &1495904612
Prefab:
  m_ObjectHideFlags: 0
  serializedVersion: 2
  m_Modification:
    m_TransformParent: {fileID: 966674917}
    m_Modifications:
    - target: {fileID: 472888, guid: 0139b4247e7bbe94e9139c723d7c3436, type: 2}
      propertyPath: m_LocalPosition.x
      value: -.0188903175
      objectReference: {fileID: 0}
    - target: {fileID: 472888, guid: 0139b4247e7bbe94e9139c723d7c3436, type: 2}
      propertyPath: m_LocalPosition.y
      value: -5.38886023
      objectReference: {fileID: 0}
    - target: {fileID: 472888, guid: 0139b4247e7bbe94e9139c723d7c3436, type: 2}
      propertyPath: m_LocalPosition.z
      value: 0
      objectReference: {fileID: 0}
    - target: {fileID: 472888, guid: 0139b4247e7bbe94e9139c723d7c3436, type: 2}
      propertyPath: m_LocalRotation.x
      value: .684865534
      objectReference: {fileID: 0}
    - target: {fileID: 472888, guid: 0139b4247e7bbe94e9139c723d7c3436, type: 2}
      propertyPath: m_LocalRotation.y
      value: .175951585
      objectReference: {fileID: 0}
    - target: {fileID: 472888, guid: 0139b4247e7bbe94e9139c723d7c3436, type: 2}
      propertyPath: m_LocalRotation.z
      value: -.17595166
      objectReference: {fileID: 0}
    - target: {fileID: 472888, guid: 0139b4247e7bbe94e9139c723d7c3436, type: 2}
      propertyPath: m_LocalRotation.w
      value: -.684865892
      objectReference: {fileID: 0}
    - target: {fileID: 472888, guid: 0139b4247e7bbe94e9139c723d7c3436, type: 2}
      propertyPath: m_RootOrder
      value: 1
      objectReference: {fileID: 0}
    m_RemovedComponents: []
  m_ParentPrefab: {fileID: 100100000, guid: 0139b4247e7bbe94e9139c723d7c3436, type: 2}
  m_IsPrefabParent: 0
--- !u!1 &1522331256
GameObject:
  m_ObjectHideFlags: 0
  m_PrefabParentObject: {fileID: 0}
  m_PrefabInternal: {fileID: 0}
  serializedVersion: 4
  m_Component:
  - 4: {fileID: 1522331257}
  - 212: {fileID: 1522331258}
  m_Layer: 0
  m_Name: Arrow
  m_TagString: Untagged
  m_Icon: {fileID: 0}
  m_NavMeshLayer: 0
  m_StaticEditorFlags: 0
  m_IsActive: 1
--- !u!4 &1522331257
Transform:
  m_ObjectHideFlags: 0
  m_PrefabParentObject: {fileID: 0}
  m_PrefabInternal: {fileID: 0}
  m_GameObject: {fileID: 1522331256}
  m_LocalRotation: {x: 0, y: 0, z: 0, w: 1}
  m_LocalPosition: {x: .680000007, y: .0199999996, z: -1}
  m_LocalScale: {x: .699999988, y: .699999988, z: 1}
  m_Children: []
  m_Father: {fileID: 2006583559}
  m_RootOrder: 1
--- !u!212 &1522331258
SpriteRenderer:
  m_ObjectHideFlags: 0
  m_PrefabParentObject: {fileID: 0}
  m_PrefabInternal: {fileID: 0}
  m_GameObject: {fileID: 1522331256}
  m_Enabled: 1
  m_CastShadows: 0
  m_ReceiveShadows: 0
  m_Materials:
  - {fileID: 10754, guid: 0000000000000000e000000000000000, type: 0}
  m_SubsetIndices: 
  m_StaticBatchRoot: {fileID: 0}
  m_UseLightProbes: 1
  m_ReflectionProbeUsage: 1
  m_ProbeAnchor: {fileID: 0}
  m_ScaleInLightmap: 1
  m_PreserveUVs: 0
  m_ImportantGI: 0
  m_AutoUVMaxDistance: .5
  m_AutoUVMaxAngle: 89
  m_LightmapParameters: {fileID: 0}
  m_SortingLayerID: 0
  m_SortingOrder: 0
  m_Sprite: {fileID: 21300000, guid: 6e374040507177142aa506f4545633bd, type: 3}
  m_Color: {r: 1, g: 1, b: 1, a: 1}
--- !u!4 &1564818828
Transform:
  m_PrefabParentObject: {fileID: 472888, guid: 0139b4247e7bbe94e9139c723d7c3436, type: 2}
  m_PrefabInternal: {fileID: 1495904612}
--- !u!1001 &1593403670
Prefab:
  m_ObjectHideFlags: 0
  serializedVersion: 2
  m_Modification:
    m_TransformParent: {fileID: 1806714198}
    m_Modifications:
    - target: {fileID: 402248, guid: f1e050d610d48214792dc6fabb4815b5, type: 2}
      propertyPath: m_LocalPosition.x
      value: -2.54999995
      objectReference: {fileID: 0}
    - target: {fileID: 402248, guid: f1e050d610d48214792dc6fabb4815b5, type: 2}
      propertyPath: m_LocalPosition.y
      value: -3.20000005
      objectReference: {fileID: 0}
    - target: {fileID: 402248, guid: f1e050d610d48214792dc6fabb4815b5, type: 2}
      propertyPath: m_LocalPosition.z
      value: 1
      objectReference: {fileID: 0}
    - target: {fileID: 402248, guid: f1e050d610d48214792dc6fabb4815b5, type: 2}
      propertyPath: m_LocalRotation.x
      value: 0
      objectReference: {fileID: 0}
    - target: {fileID: 402248, guid: f1e050d610d48214792dc6fabb4815b5, type: 2}
      propertyPath: m_LocalRotation.y
      value: 0
      objectReference: {fileID: 0}
    - target: {fileID: 402248, guid: f1e050d610d48214792dc6fabb4815b5, type: 2}
      propertyPath: m_LocalRotation.z
      value: 0
      objectReference: {fileID: 0}
    - target: {fileID: 402248, guid: f1e050d610d48214792dc6fabb4815b5, type: 2}
      propertyPath: m_LocalRotation.w
      value: 1
      objectReference: {fileID: 0}
    - target: {fileID: 402248, guid: f1e050d610d48214792dc6fabb4815b5, type: 2}
      propertyPath: m_RootOrder
      value: 1
      objectReference: {fileID: 0}
    - target: {fileID: 189932, guid: f1e050d610d48214792dc6fabb4815b5, type: 2}
      propertyPath: m_Name
      value: Back
      objectReference: {fileID: 0}
    - target: {fileID: 10245166, guid: f1e050d610d48214792dc6fabb4815b5, type: 2}
      propertyPath: m_Text
      value: Back
      objectReference: {fileID: 0}
    - target: {fileID: 10245166, guid: f1e050d610d48214792dc6fabb4815b5, type: 2}
      propertyPath: m_CharacterSize
      value: .180000007
      objectReference: {fileID: 0}
    - target: {fileID: 2340860, guid: f1e050d610d48214792dc6fabb4815b5, type: 2}
      propertyPath: m_Materials.Array.data[0]
      value: 
      objectReference: {fileID: 2100000, guid: bfdb1cf0ab86a4c4ba6f34553e199541, type: 3}
    - target: {fileID: 10245166, guid: f1e050d610d48214792dc6fabb4815b5, type: 2}
      propertyPath: m_Font
      value: 
      objectReference: {fileID: 12800000, guid: bfdb1cf0ab86a4c4ba6f34553e199541,
        type: 3}
    - target: {fileID: 10245166, guid: f1e050d610d48214792dc6fabb4815b5, type: 2}
      propertyPath: m_Color.rgba
      value: 4294967295
      objectReference: {fileID: 0}
    - target: {fileID: 10245166, guid: f1e050d610d48214792dc6fabb4815b5, type: 2}
      propertyPath: m_FontSize
      value: 50
      objectReference: {fileID: 0}
    - target: {fileID: 463160, guid: f1e050d610d48214792dc6fabb4815b5, type: 2}
      propertyPath: m_LocalPosition.y
      value: .0799999982
      objectReference: {fileID: 0}
    - target: {fileID: 21251014, guid: f1e050d610d48214792dc6fabb4815b5, type: 2}
      propertyPath: m_Sprite
      value: 
      objectReference: {fileID: 21300000, guid: b8a093d91945d884aa234ce79f361548,
        type: 3}
    - target: {fileID: 402248, guid: f1e050d610d48214792dc6fabb4815b5, type: 2}
      propertyPath: m_LocalScale.x
      value: .699999988
      objectReference: {fileID: 0}
    - target: {fileID: 402248, guid: f1e050d610d48214792dc6fabb4815b5, type: 2}
      propertyPath: m_LocalScale.y
      value: .699999988
      objectReference: {fileID: 0}
    - target: {fileID: 6101126, guid: f1e050d610d48214792dc6fabb4815b5, type: 2}
      propertyPath: m_IsTrigger
      value: 1
      objectReference: {fileID: 0}
    - target: {fileID: 6101126, guid: f1e050d610d48214792dc6fabb4815b5, type: 2}
      propertyPath: m_Size.x
      value: 3.0999999
      objectReference: {fileID: 0}
    - target: {fileID: 6101126, guid: f1e050d610d48214792dc6fabb4815b5, type: 2}
      propertyPath: m_Size.y
      value: 1.41999996
      objectReference: {fileID: 0}
    - target: {fileID: 11427146, guid: f1e050d610d48214792dc6fabb4815b5, type: 2}
      propertyPath: onClickAction
      value: 7
      objectReference: {fileID: 0}
    m_RemovedComponents: []
  m_ParentPrefab: {fileID: 100100000, guid: f1e050d610d48214792dc6fabb4815b5, type: 2}
  m_IsPrefabParent: 0
--- !u!1 &1617616669
GameObject:
  m_ObjectHideFlags: 0
  m_PrefabParentObject: {fileID: 0}
  m_PrefabInternal: {fileID: 0}
  serializedVersion: 4
  m_Component:
  - 4: {fileID: 1617616671}
  - 212: {fileID: 1617616670}
  m_Layer: 0
  m_Name: Replay
  m_TagString: Untagged
  m_Icon: {fileID: 0}
  m_NavMeshLayer: 0
  m_StaticEditorFlags: 0
  m_IsActive: 1
--- !u!212 &1617616670
SpriteRenderer:
  m_ObjectHideFlags: 0
  m_PrefabParentObject: {fileID: 0}
  m_PrefabInternal: {fileID: 0}
  m_GameObject: {fileID: 1617616669}
  m_Enabled: 1
  m_CastShadows: 0
  m_ReceiveShadows: 0
  m_Materials:
  - {fileID: 10754, guid: 0000000000000000e000000000000000, type: 0}
  m_SubsetIndices: 
  m_StaticBatchRoot: {fileID: 0}
  m_UseLightProbes: 1
  m_ReflectionProbeUsage: 1
  m_ProbeAnchor: {fileID: 0}
  m_ScaleInLightmap: 1
  m_PreserveUVs: 0
  m_ImportantGI: 0
  m_AutoUVMaxDistance: .5
  m_AutoUVMaxAngle: 89
  m_LightmapParameters: {fileID: 0}
  m_SortingLayerID: 0
  m_SortingOrder: 0
  m_Sprite: {fileID: 21300000, guid: 88753ee281371ef45b3e075f1f3d0c38, type: 3}
  m_Color: {r: 1, g: 1, b: 1, a: 1}
--- !u!4 &1617616671
Transform:
  m_ObjectHideFlags: 0
  m_PrefabParentObject: {fileID: 0}
  m_PrefabInternal: {fileID: 0}
  m_GameObject: {fileID: 1617616669}
  m_LocalRotation: {x: 0, y: 0, z: 0, w: 1}
  m_LocalPosition: {x: .620000005, y: -.0299999993, z: -1}
  m_LocalScale: {x: .699999988, y: .699999988, z: 1}
  m_Children: []
  m_Father: {fileID: 362766371}
  m_RootOrder: 1
--- !u!4 &1630077213
Transform:
  m_PrefabParentObject: {fileID: 435414, guid: d03b684763ad4054f9e5f5db7b1306ce, type: 2}
  m_PrefabInternal: {fileID: 713406427}
--- !u!1 &1664523236
GameObject:
  m_PrefabParentObject: {fileID: 189932, guid: f1e050d610d48214792dc6fabb4815b5, type: 2}
  m_PrefabInternal: {fileID: 1593403670}
--- !u!4 &1664523240
Transform:
  m_PrefabParentObject: {fileID: 402248, guid: f1e050d610d48214792dc6fabb4815b5, type: 2}
  m_PrefabInternal: {fileID: 1593403670}
--- !u!1001 &1677367067
Prefab:
  m_ObjectHideFlags: 0
  serializedVersion: 2
  m_Modification:
    m_TransformParent: {fileID: 741073643}
    m_Modifications:
    - target: {fileID: 439028, guid: b21484ccc17d0f94c8823bb168036d42, type: 2}
      propertyPath: m_LocalPosition.x
      value: 2.45000005
      objectReference: {fileID: 0}
    - target: {fileID: 439028, guid: b21484ccc17d0f94c8823bb168036d42, type: 2}
      propertyPath: m_LocalPosition.y
      value: .600000024
      objectReference: {fileID: 0}
    - target: {fileID: 439028, guid: b21484ccc17d0f94c8823bb168036d42, type: 2}
      propertyPath: m_LocalPosition.z
      value: 0
      objectReference: {fileID: 0}
    - target: {fileID: 439028, guid: b21484ccc17d0f94c8823bb168036d42, type: 2}
      propertyPath: m_LocalRotation.x
      value: 0
      objectReference: {fileID: 0}
    - target: {fileID: 439028, guid: b21484ccc17d0f94c8823bb168036d42, type: 2}
      propertyPath: m_LocalRotation.y
      value: 0
      objectReference: {fileID: 0}
    - target: {fileID: 439028, guid: b21484ccc17d0f94c8823bb168036d42, type: 2}
      propertyPath: m_LocalRotation.z
      value: 0
      objectReference: {fileID: 0}
    - target: {fileID: 439028, guid: b21484ccc17d0f94c8823bb168036d42, type: 2}
      propertyPath: m_LocalRotation.w
      value: 1
      objectReference: {fileID: 0}
    - target: {fileID: 439028, guid: b21484ccc17d0f94c8823bb168036d42, type: 2}
      propertyPath: m_RootOrder
      value: 3
      objectReference: {fileID: 0}
    - target: {fileID: 196980, guid: b21484ccc17d0f94c8823bb168036d42, type: 2}
      propertyPath: m_Name
      value: Looters Killed
      objectReference: {fileID: 0}
    - target: {fileID: 10259794, guid: b21484ccc17d0f94c8823bb168036d42, type: 2}
      propertyPath: m_Text
      value: 'L o o t e r s   K i l l e d:              /'
      objectReference: {fileID: 0}
    - target: {fileID: 10259794, guid: b21484ccc17d0f94c8823bb168036d42, type: 2}
      propertyPath: m_Font
      value: 
      objectReference: {fileID: 12800000, guid: bfdb1cf0ab86a4c4ba6f34553e199541,
        type: 3}
    - target: {fileID: 2314004, guid: b21484ccc17d0f94c8823bb168036d42, type: 2}
      propertyPath: m_Materials.Array.data[0]
      value: 
      objectReference: {fileID: 2100000, guid: bfdb1cf0ab86a4c4ba6f34553e199541, type: 3}
    - target: {fileID: 10259794, guid: b21484ccc17d0f94c8823bb168036d42, type: 2}
      propertyPath: m_FontSize
      value: 70
      objectReference: {fileID: 0}
    - target: {fileID: 10252834, guid: b21484ccc17d0f94c8823bb168036d42, type: 2}
      propertyPath: m_FontSize
      value: 70
      objectReference: {fileID: 0}
    - target: {fileID: 10252834, guid: b21484ccc17d0f94c8823bb168036d42, type: 2}
      propertyPath: m_Font
      value: 
      objectReference: {fileID: 12800000, guid: bfdb1cf0ab86a4c4ba6f34553e199541,
        type: 3}
    - target: {fileID: 2347756, guid: b21484ccc17d0f94c8823bb168036d42, type: 2}
      propertyPath: m_Materials.Array.data[0]
      value: 
      objectReference: {fileID: 2100000, guid: bfdb1cf0ab86a4c4ba6f34553e199541, type: 3}
    - target: {fileID: 10202998, guid: b21484ccc17d0f94c8823bb168036d42, type: 2}
      propertyPath: m_FontSize
      value: 70
      objectReference: {fileID: 0}
    - target: {fileID: 10202998, guid: b21484ccc17d0f94c8823bb168036d42, type: 2}
      propertyPath: m_Font
      value: 
      objectReference: {fileID: 12800000, guid: bfdb1cf0ab86a4c4ba6f34553e199541,
        type: 3}
    - target: {fileID: 2351450, guid: b21484ccc17d0f94c8823bb168036d42, type: 2}
      propertyPath: m_Materials.Array.data[0]
      value: 
      objectReference: {fileID: 2100000, guid: bfdb1cf0ab86a4c4ba6f34553e199541, type: 3}
    m_RemovedComponents: []
  m_ParentPrefab: {fileID: 100100000, guid: b21484ccc17d0f94c8823bb168036d42, type: 2}
  m_IsPrefabParent: 0
--- !u!4 &1677367068
Transform:
  m_PrefabParentObject: {fileID: 439028, guid: b21484ccc17d0f94c8823bb168036d42, type: 2}
  m_PrefabInternal: {fileID: 1677367067}
--- !u!1001 &1682807191
Prefab:
  m_ObjectHideFlags: 0
  serializedVersion: 2
  m_Modification:
    m_TransformParent: {fileID: 966674917}
    m_Modifications:
    - target: {fileID: 446012, guid: c31895d61d7694e4daba80e63fe28e0a, type: 2}
      propertyPath: m_LocalPosition.x
      value: -.0188903175
      objectReference: {fileID: 0}
    - target: {fileID: 446012, guid: c31895d61d7694e4daba80e63fe28e0a, type: 2}
      propertyPath: m_LocalPosition.y
      value: -5.38886023
      objectReference: {fileID: 0}
    - target: {fileID: 446012, guid: c31895d61d7694e4daba80e63fe28e0a, type: 2}
      propertyPath: m_LocalPosition.z
      value: 0
      objectReference: {fileID: 0}
    - target: {fileID: 446012, guid: c31895d61d7694e4daba80e63fe28e0a, type: 2}
      propertyPath: m_LocalRotation.x
      value: -.688643217
      objectReference: {fileID: 0}
    - target: {fileID: 446012, guid: c31895d61d7694e4daba80e63fe28e0a, type: 2}
      propertyPath: m_LocalRotation.y
      value: .160531804
      objectReference: {fileID: 0}
    - target: {fileID: 446012, guid: c31895d61d7694e4daba80e63fe28e0a, type: 2}
      propertyPath: m_LocalRotation.z
      value: -.160531804
      objectReference: {fileID: 0}
    - target: {fileID: 446012, guid: c31895d61d7694e4daba80e63fe28e0a, type: 2}
      propertyPath: m_LocalRotation.w
      value: .688643277
      objectReference: {fileID: 0}
    - target: {fileID: 446012, guid: c31895d61d7694e4daba80e63fe28e0a, type: 2}
      propertyPath: m_RootOrder
      value: 7
      objectReference: {fileID: 0}
    m_RemovedComponents: []
  m_ParentPrefab: {fileID: 100100000, guid: c31895d61d7694e4daba80e63fe28e0a, type: 2}
  m_IsPrefabParent: 0
--- !u!1001 &1727781595
Prefab:
  m_ObjectHideFlags: 0
  serializedVersion: 2
  m_Modification:
    m_TransformParent: {fileID: 741073643}
    m_Modifications:
    - target: {fileID: 439028, guid: b21484ccc17d0f94c8823bb168036d42, type: 2}
      propertyPath: m_LocalPosition.x
      value: 2.45000005
      objectReference: {fileID: 0}
    - target: {fileID: 439028, guid: b21484ccc17d0f94c8823bb168036d42, type: 2}
      propertyPath: m_LocalPosition.y
      value: 1.39999998
      objectReference: {fileID: 0}
    - target: {fileID: 439028, guid: b21484ccc17d0f94c8823bb168036d42, type: 2}
      propertyPath: m_LocalPosition.z
      value: 0
      objectReference: {fileID: 0}
    - target: {fileID: 439028, guid: b21484ccc17d0f94c8823bb168036d42, type: 2}
      propertyPath: m_LocalRotation.x
      value: 0
      objectReference: {fileID: 0}
    - target: {fileID: 439028, guid: b21484ccc17d0f94c8823bb168036d42, type: 2}
      propertyPath: m_LocalRotation.y
      value: 0
      objectReference: {fileID: 0}
    - target: {fileID: 439028, guid: b21484ccc17d0f94c8823bb168036d42, type: 2}
      propertyPath: m_LocalRotation.z
      value: 0
      objectReference: {fileID: 0}
    - target: {fileID: 439028, guid: b21484ccc17d0f94c8823bb168036d42, type: 2}
      propertyPath: m_LocalRotation.w
      value: 1
      objectReference: {fileID: 0}
    - target: {fileID: 439028, guid: b21484ccc17d0f94c8823bb168036d42, type: 2}
      propertyPath: m_RootOrder
      value: 4
      objectReference: {fileID: 0}
    - target: {fileID: 196980, guid: b21484ccc17d0f94c8823bb168036d42, type: 2}
      propertyPath: m_Name
      value: Looters Scared Away
      objectReference: {fileID: 0}
    - target: {fileID: 10259794, guid: b21484ccc17d0f94c8823bb168036d42, type: 2}
      propertyPath: m_Text
      value: 'L o o t e r s   S c a r e d  A w a y:              /'
      objectReference: {fileID: 0}
    - target: {fileID: 10259794, guid: b21484ccc17d0f94c8823bb168036d42, type: 2}
      propertyPath: m_FontSize
      value: 70
      objectReference: {fileID: 0}
    - target: {fileID: 10259794, guid: b21484ccc17d0f94c8823bb168036d42, type: 2}
      propertyPath: m_Font
      value: 
      objectReference: {fileID: 12800000, guid: bfdb1cf0ab86a4c4ba6f34553e199541,
        type: 3}
    - target: {fileID: 2314004, guid: b21484ccc17d0f94c8823bb168036d42, type: 2}
      propertyPath: m_Materials.Array.data[0]
      value: 
      objectReference: {fileID: 2100000, guid: bfdb1cf0ab86a4c4ba6f34553e199541, type: 3}
    - target: {fileID: 10252834, guid: b21484ccc17d0f94c8823bb168036d42, type: 2}
      propertyPath: m_Font
      value: 
      objectReference: {fileID: 12800000, guid: bfdb1cf0ab86a4c4ba6f34553e199541,
        type: 3}
    - target: {fileID: 2347756, guid: b21484ccc17d0f94c8823bb168036d42, type: 2}
      propertyPath: m_Materials.Array.data[0]
      value: 
      objectReference: {fileID: 2100000, guid: bfdb1cf0ab86a4c4ba6f34553e199541, type: 3}
    - target: {fileID: 10202998, guid: b21484ccc17d0f94c8823bb168036d42, type: 2}
      propertyPath: m_Font
      value: 
      objectReference: {fileID: 12800000, guid: bfdb1cf0ab86a4c4ba6f34553e199541,
        type: 3}
    - target: {fileID: 2351450, guid: b21484ccc17d0f94c8823bb168036d42, type: 2}
      propertyPath: m_Materials.Array.data[0]
      value: 
      objectReference: {fileID: 2100000, guid: bfdb1cf0ab86a4c4ba6f34553e199541, type: 3}
    - target: {fileID: 10202998, guid: b21484ccc17d0f94c8823bb168036d42, type: 2}
      propertyPath: m_FontSize
      value: 70
      objectReference: {fileID: 0}
    - target: {fileID: 10252834, guid: b21484ccc17d0f94c8823bb168036d42, type: 2}
      propertyPath: m_FontSize
      value: 70
      objectReference: {fileID: 0}
    m_RemovedComponents: []
  m_ParentPrefab: {fileID: 100100000, guid: b21484ccc17d0f94c8823bb168036d42, type: 2}
  m_IsPrefabParent: 0
--- !u!1 &1806714197
GameObject:
  m_ObjectHideFlags: 0
  m_PrefabParentObject: {fileID: 0}
  m_PrefabInternal: {fileID: 0}
  serializedVersion: 4
  m_Component:
  - 4: {fileID: 1806714198}
  m_Layer: 0
  m_Name: Buttons
  m_TagString: Untagged
  m_Icon: {fileID: 0}
  m_NavMeshLayer: 0
  m_StaticEditorFlags: 0
  m_IsActive: 1
--- !u!4 &1806714198
Transform:
  m_ObjectHideFlags: 0
  m_PrefabParentObject: {fileID: 0}
  m_PrefabInternal: {fileID: 0}
  m_GameObject: {fileID: 1806714197}
  m_LocalRotation: {x: 0, y: 0, z: 0, w: 1}
  m_LocalPosition: {x: 0, y: 0, z: 0}
  m_LocalScale: {x: 1.25, y: 1.25, z: 1}
  m_Children:
  - {fileID: 2006583559}
  - {fileID: 1664523240}
  - {fileID: 362766371}
  m_Father: {fileID: 741073643}
  m_RootOrder: 0
--- !u!1 &1857374660
GameObject:
  m_ObjectHideFlags: 0
  m_PrefabParentObject: {fileID: 0}
  m_PrefabInternal: {fileID: 0}
  serializedVersion: 4
  m_Component:
  - 4: {fileID: 1857374661}
  - 23: {fileID: 1857374663}
  - 102: {fileID: 1857374662}
  m_Layer: 0
  m_Name: Game Result
  m_TagString: Untagged
  m_Icon: {fileID: 0}
  m_NavMeshLayer: 0
  m_StaticEditorFlags: 0
  m_IsActive: 1
--- !u!4 &1857374661
Transform:
  m_ObjectHideFlags: 0
  m_PrefabParentObject: {fileID: 0}
  m_PrefabInternal: {fileID: 0}
  m_GameObject: {fileID: 1857374660}
  m_LocalRotation: {x: 0, y: 0, z: 0, w: 1}
  m_LocalPosition: {x: .109999999, y: -1.84000003, z: 0}
  m_LocalScale: {x: 1, y: 1, z: 1}
  m_Children: []
  m_Father: {fileID: 741073643}
  m_RootOrder: 6
--- !u!102 &1857374662
TextMesh:
  serializedVersion: 3
  m_ObjectHideFlags: 0
  m_PrefabParentObject: {fileID: 0}
  m_PrefabInternal: {fileID: 0}
  m_GameObject: {fileID: 1857374660}
  m_Text: 'Game Result Here: You Won/Lose!

    Reason for losing: Too Many Loots Lost!'
  m_OffsetZ: 0
  m_CharacterSize: .129999995
  m_LineSpacing: 1
  m_Anchor: 4
  m_Alignment: 1
  m_TabSize: 4
  m_FontSize: 70
  m_FontStyle: 0
  m_RichText: 1
  m_Font: {fileID: 12800000, guid: bfdb1cf0ab86a4c4ba6f34553e199541, type: 3}
  m_Color:
    serializedVersion: 2
    rgba: 4294967295
--- !u!23 &1857374663
MeshRenderer:
  m_ObjectHideFlags: 0
  m_PrefabParentObject: {fileID: 0}
  m_PrefabInternal: {fileID: 0}
  m_GameObject: {fileID: 1857374660}
  m_Enabled: 1
  m_CastShadows: 1
  m_ReceiveShadows: 1
  m_Materials:
  - {fileID: 2100000, guid: bfdb1cf0ab86a4c4ba6f34553e199541, type: 3}
  m_SubsetIndices: 
  m_StaticBatchRoot: {fileID: 0}
  m_UseLightProbes: 1
  m_ReflectionProbeUsage: 1
  m_ProbeAnchor: {fileID: 0}
  m_ScaleInLightmap: 1
  m_PreserveUVs: 0
  m_ImportantGI: 0
  m_AutoUVMaxDistance: .5
  m_AutoUVMaxAngle: 89
  m_LightmapParameters: {fileID: 0}
  m_SortingLayerID: 0
  m_SortingOrder: 0
--- !u!4 &1895544558
Transform:
  m_PrefabParentObject: {fileID: 499816, guid: 084a10cbd40a93d40a317d032ff1f96d, type: 2}
  m_PrefabInternal: {fileID: 1100755518}
--- !u!1001 &1956826530
Prefab:
  m_ObjectHideFlags: 0
  serializedVersion: 2
  m_Modification:
    m_TransformParent: {fileID: 966674917}
    m_Modifications:
    - target: {fileID: 438918, guid: 65435d6c9a461094eac1b8200a61cef4, type: 2}
      propertyPath: m_LocalPosition.x
      value: -.0188903175
      objectReference: {fileID: 0}
    - target: {fileID: 438918, guid: 65435d6c9a461094eac1b8200a61cef4, type: 2}
      propertyPath: m_LocalPosition.y
      value: -5.38886023
      objectReference: {fileID: 0}
    - target: {fileID: 438918, guid: 65435d6c9a461094eac1b8200a61cef4, type: 2}
      propertyPath: m_LocalPosition.z
      value: 0
      objectReference: {fileID: 0}
    - target: {fileID: 438918, guid: 65435d6c9a461094eac1b8200a61cef4, type: 2}
      propertyPath: m_LocalRotation.x
      value: -.691429019
      objectReference: {fileID: 0}
    - target: {fileID: 438918, guid: 65435d6c9a461094eac1b8200a61cef4, type: 2}
      propertyPath: m_LocalRotation.y
      value: .148074165
      objectReference: {fileID: 0}
    - target: {fileID: 438918, guid: 65435d6c9a461094eac1b8200a61cef4, type: 2}
      propertyPath: m_LocalRotation.z
      value: -.14807418
      objectReference: {fileID: 0}
    - target: {fileID: 438918, guid: 65435d6c9a461094eac1b8200a61cef4, type: 2}
      propertyPath: m_LocalRotation.w
      value: .691429019
      objectReference: {fileID: 0}
    - target: {fileID: 438918, guid: 65435d6c9a461094eac1b8200a61cef4, type: 2}
      propertyPath: m_RootOrder
      value: 2
      objectReference: {fileID: 0}
    m_RemovedComponents: []
  m_ParentPrefab: {fileID: 100100000, guid: 65435d6c9a461094eac1b8200a61cef4, type: 2}
  m_IsPrefabParent: 0
--- !u!4 &1971085354
Transform:
  m_PrefabParentObject: {fileID: 494924, guid: d3fe092a9b8952947879796dd407d5fd, type: 2}
  m_PrefabInternal: {fileID: 1003033288}
--- !u!1001 &2006583558
Prefab:
  m_ObjectHideFlags: 0
  serializedVersion: 2
  m_Modification:
    m_TransformParent: {fileID: 1806714198}
    m_Modifications:
    - target: {fileID: 402248, guid: f1e050d610d48214792dc6fabb4815b5, type: 2}
      propertyPath: m_LocalPosition.x
      value: 0
      objectReference: {fileID: 0}
    - target: {fileID: 402248, guid: f1e050d610d48214792dc6fabb4815b5, type: 2}
      propertyPath: m_LocalPosition.y
      value: -3.20000005
      objectReference: {fileID: 0}
    - target: {fileID: 402248, guid: f1e050d610d48214792dc6fabb4815b5, type: 2}
      propertyPath: m_LocalPosition.z
      value: 1
      objectReference: {fileID: 0}
    - target: {fileID: 402248, guid: f1e050d610d48214792dc6fabb4815b5, type: 2}
      propertyPath: m_LocalRotation.x
      value: 0
      objectReference: {fileID: 0}
    - target: {fileID: 402248, guid: f1e050d610d48214792dc6fabb4815b5, type: 2}
      propertyPath: m_LocalRotation.y
      value: 0
      objectReference: {fileID: 0}
    - target: {fileID: 402248, guid: f1e050d610d48214792dc6fabb4815b5, type: 2}
      propertyPath: m_LocalRotation.z
      value: 0
      objectReference: {fileID: 0}
    - target: {fileID: 402248, guid: f1e050d610d48214792dc6fabb4815b5, type: 2}
      propertyPath: m_LocalRotation.w
      value: 1
      objectReference: {fileID: 0}
    - target: {fileID: 402248, guid: f1e050d610d48214792dc6fabb4815b5, type: 2}
      propertyPath: m_RootOrder
      value: 0
      objectReference: {fileID: 0}
    - target: {fileID: 10245166, guid: f1e050d610d48214792dc6fabb4815b5, type: 2}
      propertyPath: m_Text
      value: Next
      objectReference: {fileID: 0}
    - target: {fileID: 189932, guid: f1e050d610d48214792dc6fabb4815b5, type: 2}
      propertyPath: m_Name
      value: NextLevelButton
      objectReference: {fileID: 0}
    - target: {fileID: 11427146, guid: f1e050d610d48214792dc6fabb4815b5, type: 2}
      propertyPath: onClickAction
      value: 4
      objectReference: {fileID: 0}
    - target: {fileID: 21251014, guid: f1e050d610d48214792dc6fabb4815b5, type: 2}
      propertyPath: m_Sprite
      value: 
      objectReference: {fileID: 21300000, guid: b8a093d91945d884aa234ce79f361548,
        type: 3}
    - target: {fileID: 402248, guid: f1e050d610d48214792dc6fabb4815b5, type: 2}
      propertyPath: m_LocalScale.x
      value: .699999988
      objectReference: {fileID: 0}
    - target: {fileID: 402248, guid: f1e050d610d48214792dc6fabb4815b5, type: 2}
      propertyPath: m_LocalScale.y
      value: .699999988
      objectReference: {fileID: 0}
    - target: {fileID: 10245166, guid: f1e050d610d48214792dc6fabb4815b5, type: 2}
      propertyPath: m_FontSize
      value: 50
      objectReference: {fileID: 0}
    - target: {fileID: 10245166, guid: f1e050d610d48214792dc6fabb4815b5, type: 2}
      propertyPath: m_CharacterSize
      value: .170000002
      objectReference: {fileID: 0}
    - target: {fileID: 2340860, guid: f1e050d610d48214792dc6fabb4815b5, type: 2}
      propertyPath: m_Materials.Array.data[0]
      value: 
      objectReference: {fileID: 2100000, guid: bfdb1cf0ab86a4c4ba6f34553e199541, type: 3}
    - target: {fileID: 10245166, guid: f1e050d610d48214792dc6fabb4815b5, type: 2}
      propertyPath: m_Font
      value: 
      objectReference: {fileID: 12800000, guid: bfdb1cf0ab86a4c4ba6f34553e199541,
        type: 3}
    - target: {fileID: 463160, guid: f1e050d610d48214792dc6fabb4815b5, type: 2}
      propertyPath: m_LocalPosition.y
      value: .0799999982
      objectReference: {fileID: 0}
    - target: {fileID: 10245166, guid: f1e050d610d48214792dc6fabb4815b5, type: 2}
      propertyPath: m_Color.rgba
      value: 4294967295
      objectReference: {fileID: 0}
    - target: {fileID: 463160, guid: f1e050d610d48214792dc6fabb4815b5, type: 2}
      propertyPath: m_LocalPosition.x
      value: -.340000004
      objectReference: {fileID: 0}
    m_RemovedComponents:
    - {fileID: 6101126, guid: f1e050d610d48214792dc6fabb4815b5, type: 2}
  m_ParentPrefab: {fileID: 100100000, guid: f1e050d610d48214792dc6fabb4815b5, type: 2}
  m_IsPrefabParent: 0
--- !u!4 &2006583559
Transform:
  m_PrefabParentObject: {fileID: 402248, guid: f1e050d610d48214792dc6fabb4815b5, type: 2}
  m_PrefabInternal: {fileID: 2006583558}
--- !u!4 &2140631294
Transform:
  m_PrefabParentObject: {fileID: 454238, guid: 90e6a03fd4fc6a342822f40be2e7ff5a, type: 2}
  m_PrefabInternal: {fileID: 106990372}
